2626 4524
545 329 757 352 mem
1111 288 1159 364 55

120 459 129 528 f
142 464 299 551 loquente
315 458 469 579 profecta
491 481 560 525 esse
580 457 748 523 videntur.
791 457 907 544 Itaque
935 457 998 524 hac
1027 460 1158 545 ratione

141 591 211 634 nun
240 565 339 630 nimis
367 563 579 629 confiderem.
635 561 802 646 Equidem
829 562 1023 628 Callimachi
1051 566 1158 651 Frag·
1245 560 1249 579 ''

135 658 256 737 ¹menta
285 692 324 734 eo
355 668 551 752 diligentius
576 666 746 732 tractanda
768 666 942 747 existimo,
970 691 1036 753 quo
1059 670 1159 757 plura

142 775 184 840 iis
207 774 319 838 insunt
340 771 537 859 singularia,
558 794 620 836 nec
635 769 712 833 alibi
727 748 823 833 facile
842 773 1046 857 reperiunda.
1068 775 1159 838 Nam

144 875 202 962 qui
224 875 320 993 plura
348 875 385 940 in
413 874 543 940 Graeca
562 875 677 959 lingua
697 871 761 935 hoc
782 874 880 959 poeta
901 877 1047 953 novarit,
1077 877 1160 941 novi

144 979 335 1062 neminem:
351 980 472 1064 Neque
493 977 606 1041 omnia
622 989 694 1041 tam
714 975 906 1042 obscuraret
926 979 1050 1043 incerta
1071 992 1160 1053 sunt,

145 1084 247 1169 quam
277 1082 376 1146 initio
403 1083 509 1146 obiter
536 1081 620 1143 lecta
651 1076 827 1143 videntur
859 1079 1001 1179 Menqini
1023 1106 1078 1146 me
1099 1082 1161 1145 ali

144 1187 276 1273 quaudo
299 1187 363 1250 hoe
385 1168 583 1249 Callimachi
599 1179 822 1266 fragmentum
844 1204 887 1247 ex
909 1184 1047 1251 Orionis
1066 1185 1162 1250 The·

102 1342 105 1349 .
143 1290 223 1356 bani
251 1286 484 1375 Etymologico
514 1285 585 1351 MS.
613 1285 745 1350 Tecum
774 1289 1040 1353 communitate·
1081 1280 1161 1357 Xsa
1267 1353 1270 1361 ,

144 1394 206 1462 καὶ
228 1417 329 1477 xasa
349 1417 371 1458 o
363 1381 534 1491 φωλεός.
572 1422 613 1441 ·-
659 1390 720 1456 καὶ
741 1385 833 1475 μετα
852 1389 1020 1483 περισσοῦ
1049 1389 1112 1461 τοῦ
1139 1387 1160 1460 o

99 1584 102 1589 4
141 1496 391 1581 Καλλιῇαχος
453 1534 460 1544 ·
597 1512 601 1519 ’
1092 1514 1096 1521 ·

222 1613 278 1680 Οἳ
289 1605 379 1680 ''''d
351 1636 420 1679 ωστ
450 1612 484 1693 ἕξ
505 1601 612 1729 oxaq'c
633 1609 775 1699 σοφίσαι
796 1602 920 1690 olus
906 1605 1027 1698 αὐχέν’
1048 1597 1161 1679 auau-

289 1727 297 1750 '
826 1740 907 1804 adv·

144 1824 200 1902 Ne
220 1812 375 1923 Sphingis
400 1833 534 1919 quidem
566 1834 735 1920 aenigma
746 1819 854 1920 magis
884 1813 1074 1899 obscurum
1091 1855 1162 1896 esse

95 1954 100 1973 ¹
144 1934 273 2027 potest,
295 1959 395 2022 quam
419 1938 471 2002 bic
492 1958 617 2004 versus.
662 1937 768 2024 Atqui
788 1939 929 2027 pignore
951 1951 1077 2003 certare
1099 1958 1163 2022 pa·

103 2080 106 2085 ’
128 2056 238 2110 ntus
260 2064 351 2114 sum,
383 2062 438 2105 me
458 2039 567 2128 ipsam
584 2041 783 2109 Callimachi
804 2065 944 2124 manum
957 2038 1166 2107 instituisses

235 2158 280 2226 Οἱ
311 2150 341 2226 δ’
362 2149 441 2226 ὥστ’
463 2157 497 2239 ἐξ
520 2153 626 2248 ὀχεῆς
657 2151 738 2250 ὄφις
767 2163 887 2235 uiolae
922 2150 1044 2241 adxdv’
1073 2153 1162 2225 α’να·

847 2255 952 2344 cxciv.

145 2379 311 2466 'Adposite
333 2375 450 2441 Cicero
472 2375 507 2440 in
528 2376 642 2440 vatin.
672 2400 743 2464 cap.
767 2397 796 2442 2.
828 2377 983 2463 Repente
1006 2376 1096 2440 enim
1118 2388 1162 2452 te,
1251 2393 1253 2397 ·
1290 2379 1294 2386 ’

148 2492 317 2568 tanquam
348 2500 484 2566 serpens
521 2478 745 2554 elatabulis,
782 2476 888 2543 oculis
926 2479 1163 2555 eminentibus,

95 2662 99 2675 .
144 2584 269 2676 inflato
289 2583 389 2665 collo,
410 2581 554 2648 tumidis
575 2582 778 2660 cervicibus,
798 2581 958 2646 intulisti.
1000 2580 1071 2645 Iam
1094 2577 1163 2646 non
1204 2642 1206 2647 .

147 2702 243 2754 vacat
273 2687 483 2754 Nicandrum
511 2689 682 2770 evolvere,
712 2687 770 2753 ubi
798 2686 862 2752 loci
882 2686 998 2773 plures
1018 2699 1096 2751 sunt
1117 2685 1163 2751 si-

148 2790 303 2857 minimi.

127 2900 129 2916 ¹
235 2907 400 2972 Editionis
420 2903 587 2995 principis
605 2894 824 2976 Collationem
845 2916 933 2970 recte
955 2904 996 2968 ad
1013 2905 1065 2968 Te
1085 2927 1164 2992 spe-

149 3034 190 3078 ro
213 3032 282 3076 esse
303 3010 474 3098 perlatam.
518 3009 581 3073 Sed
602 3031 737 3086 vereor,
758 3032 801 3075 ne
822 3029 884 3097 pro
908 3009 1064 3074 thesauro
1087 3002 1186 3071 car-¹

149 3113 261 3179 bones.
310 3112 488 3178 Variantes
518 3111 600 3196 quin
628 3126 781 3177 accurate
808 3125 957 3178 enotatas
979 3111 1065 3190 sint,
1095 3134 1166 3175 non

151 3230 200 3283 est
222 3215 311 3301 quod
333 3215 469 3279 dubites.
513 3213 677 3278 Petieram
692 3215 783 3285 enim
802 3229 833 3281 et
849 3216 890 3280 ab
903 3215 1016 3279 Askeo
1034 3223 1067 3276 et
1081 3212 1166 3277 Gal·

150 3318 204 3406 ly,
225 3331 262 3382 ut
286 3318 338 3383 vel
360 3317 529 3389 levissima
549 3337 699 3403 quaeque
721 3331 943 3404 excerperent.
971 3336 974 3342 ·
1019 3392 1023 3409 Ι

236 3432 468 3521 Bongiovauni
495 3434 530 3497 in
557 3432 693 3498 Iliadem
720 3434 853 3500 Scholia
880 3434 967 3499 forte
989 3434 1028 3498 ad
1050 3434 1166 3499 Mee'r-

151 3558 317 3603 mannum
337 3551 490 3606 nostrum
511 3549 569 3600 aut
590 3536 694 3605 alium
714 3537 844 3602 misisti
885 3539 958 3624 Ego
973 3550 1166 3603 certenun-

151 3638 257 3727 quam
285 3638 348 3702 illa
369 3641 473 3705 oculis
499 3640 667 3728 usurpavi.
720 3640 774 3705 De
794 3639 929 3705 Libanii
953 3639 1166 3730 Orationibus

153 3745 301 3810 multum
323 3742 374 3807 Te
396 3765 482 3806 amo.
532 3744 594 3808 Sed
622 3742 694 3820 Tu,
726 3742 849 3819 velim
870 3744 955 3809 mihi
977 3745 1099 3809 indices
1122 3740 1167 3804 li·
1176 3799 1177 3805 ,

154 3847 247 3928 bros,
284 3870 367 3932 quos
396 3846 475 3910 Tibi
505 3847 641 3939 illorum
668 3847 741 3909 loco
770 3847 909 3918 mittam.
963 3847 1045 3914 Alia
1077 3844 1165 3908 enim

114 3962 117 3971 ’
155 3948 345 4017 conditione
365 3950 451 4021 nihil
463 3958 492 4016 'a
510 3924 565 4014 Ti
584 3948 732 4038 accipere
754 3949 919 4016 constitui.
