2626 4524
120 252 258 339 ‚es
473 356 476 362 ,
571 287 786 323 mm

178 419 342 507 impetum
365 415 475 503 fregit,
496 440 615 505 meque
636 418 677 482 ab
701 418 832 509 incepto
853 425 1008 504 retraxit,
1027 427 1121 510 'quasi
1136 427 1195 494 'lbi

176 525 298 590 scilicet
319 510 522 610 magnopere
543 544 656 601 cures,
678 524 800 608 'quanti
820 539 841 589 a
862 549 917 590 me
938 526 1015 609 fias,
1043 541 1102 595 aut
1122 548 1192 618 quo

176 628 233 693 Tu
249 622 338 715 apud
349 624 683 714 -llreitingerum'loco
700 626 863 693 habearis.
897 631 933 693 N
934 653 999 695 nnc
1012 654 1093 697 vero
1104 633 1190 699 hanc

173 750 286 797 meam
314 729 552 794 dubitationem
577 728 731 817 precibus
767 729 835 795 suis
874 735 1106 822 expugnavit,
1132 735 1191 821 qui

174 833 254 898 Tibi
274 833 335 899 has
355 832 488 908 offeret,
510 832 646 897 Iuvenis
669 832 911 900 Omatissimus
932 837 980 901 Io.
995 838 1101 903 Henn
1116 839 1190 905 Lo-

174 937 311 1014 cherua,
338 934 534 1002 venerandi
562 936 651 1024 apud
680 960 741 1003 nos
771 937 938 1026 Theologi
967 963 1006 1004 ac
1036 943 1190 1029 Collegae

75 1062 78 1067 ’
172 1039 432 1127 conjunctissimi
453 1037 719 1104 Zimmermanni
741 1041 924 1129 privignus,
944 1028 1096 1119 politices
1114 1056 1188 1108 stu·¹

171 1147 298 1213 diosus:
339 1143 406 1209 Hic
435 1142 475 1207 ad
511 1163 572 1206 vos
603 1141 666 1206 iter
697 1142 907 1229 ingressurus·
937 1170 992 1215 me
1022 1145 1188 1218 convenit.

171 1264 273 1337 utque
294 1247 355 1312 sibi
375 1245 419 1312 ed
440 1246 574 1313 Claniss.
595 1242 748 1325 Ernesti,
774 1269 879 1332 quem
904 1249 999 1314 toties
1026 1261 1189 1336 tanquam

167 1353 336 1441 singulare
355 1373 425 1414 non
445 1359 577 1414 tantum
598 1345 784 1436 Lipsiensis
796 1350 1010 1430 Academiae,
1031 1354 1086 1418 sed
1108 1354 1189 1423 uni:-

166 1450 499 1522 versae'Germnniae
520 1452 665 1517 litera'tae
676 1452 788 1518 Decus
809 1470 829 1518 a
848 1475 904 1519 me
924 1453 1096 1523 laudatum
1111 1474 1189 1526 me·

166 1559 318 1643 minent,
348 1554 631 1636 commendatitias
652 1553 777 1641 aliquas
804 1556 935 1623 Liter'as
957 1562 1197 1647 concederem,

167 1661 450 1751 quaefaciliorem
465 1658 527 1725 sibi
542 1657 671 1724 aditum
683 1671 853 1747 pararent,
873 1672 983 1747 roget:
1004 1661 1049 1728 Et
1072 1668 1187 1750 quan-

166 1790 269 1853 quam
289 1765 399 1845 varia,
421 1785 507 1850 quae
527 1784 583 1826 me
603 1784 695 1826 nunc
715 1761 756 1827 ab
777 1763 841 1827 hoc
856 1760 1185 1852 efficioipnaestando
1240 1798 1243 1805 ·

163 1867 362 1945 retinerent,
380 1856 516 1931 'fueram
576 1873 762 1945 mmentns,
789 1877 888 1950 etque
908 1865 1008 1932 etiam
1029 1889 1098 1935 non
1121 1872 1209 1942 ob—,

163 1992 260 2039 scnre
280 1887 680 2058 significassemffarum
701 1967 764 2057 ipsi
786 1968 874 2056 apud
895 1968 947 2032 Te
966 1970 1184 2058 profuturam

96 2107 99 2113 ·
143 2148 146 2153 ,
161 2097 273 2143 meam
287 2068 617 2149 commendationem,
639 2080 756 2159 utpote
776 2071 818 2135 ab
832 2072 972 2173 homine
984 2072 1182 2161 profectam,

52 2218 56 2224 -
160 2183 219 2269 qui
239 2180 310 2268 ipae
330 2177 425 2268 prius
454 2167 565 2261 aliqua
583 2171 880 2239 'commendatione
908 2174 998 2263 apud
1022 2177 1074 2242 'l'e
1091 2176 1182 2247 indi·

65 2364 68 2377 ,
159 2297 269 2375 geret:
290 2280 378 2349 nihss
399 2292 511 2346 temen
534 2274 590 2342 ille
607 2276 757 2363 rogando
779 2275 962 2360 nemittere,
990 2274 1047 2345 sed
1070 2282 1180 2348 multo

34 2438 38 2452 ,
159 2383 269 2456 acrius
289 2386 413 2451 instare
433 2372 561 2470 coepit,
583 2378 770 2475 caussatus,
791 2368 866 2446 lieni
886 2404 955 2447 non
975 2402 1072 2472 posse
1094 2387 1179 2471 quin

42 2485 57 2523 ’·
157 2487 307 2560 Litterae
328 2510 422 2553 meae
442 2480 532 2573 apud
552 2505 632 2548 enm
651 2478 789 2563 Virum,
811 2497 912 2570 quem
932 2479 979 2559 ¹ita
1000 2510 1044 2552 ex
1065 2487 1178 2555 animo

157 2592 305 2660 colerem
335 2601 366 2657 et
396 2613 417 2654 a
446 2587 606 2676 singulari
633 2586 757 2652 virtute
785 2604 824 2653 ac
852 2589 1058 2656 humanitate
1079 2594 1177 2660 toties

70 2715 72 2720 ·
120 2722 134 2776 γ
158 2685 459 2770 commendassem,
489 2711 611 2776 magno
640 2684 704 2755 sabi
731 2680 865 2757 futurae
885 2693 950 2759 sint
971 2690 1177 2777 adjumento.

157 2800 236 2886 Qua
256 2808 301 2862 ex
321 2819 359 2861 re
379 2793 548 2888 intelligis,
562 2790 631 2859 'Vir
652 2784 857 2876 clarissime,
877 2790 993 2881 'quanti
1013 2812 1101 2881 mea,
1122 2813 1176 2867 at-

155 2926 221 2991 que
242 2902 341 2968 etiam
364 2888 459 2980 Tua„
479 2895 616 2978 referat,
638 2910 677 2961 ut
694 2892 775 2961 huic
795 2918 889 2962 meae
910 2900 1175 2968 commendatio-

152 3004 190 3074 ni
212 2998 290 3072 eam
308 2996 422 3070 locum
445 3000 619 3082 concedas,
650 3018 749 3086 quem
775 2998 955 3067 concedere
984 3006 1069 3072 soles
1096 3006 1174 3089 illis,

153 3133 239 3198 quae
260 3103 301 3174 ab
321 3095 511 3172 hominibus
529 3092 615 3168 bene
641 3104 681 3168 de
703 3102 755 3167 Te
784 3104 910 3169 meritis
937 3119 1037 3193 atque
1058 3109 1172 3195 aliqua
1221 3108 1223 3113 ⁸

150 3211 392 3280 necessitudine
405 3200 484 3276 Tibi
499 3207 680 3292 conjunctis
694 3205 961 3295 proficiscuntur.
1004 3211 1049 3276 Et
1063 3233 1172 3297 quum

119 3330 120 3334 ’
150 3317 238 3404 ipse,
264 3338 365 3402 quem
393 3306 474 3380 Tibi
502 3312 547 3375 ita
569 3310 741 3397 diligenter
761 3310 977 3396 commendo,
1006 3309 1069 3378 hac
1090 3337 1169 3383 mea

150 3420 435 3486 commendatione
455 3406 542 3480 nihil
562 3413 650 3480 aliud
672 3414 852 3503 impetrare
872 3416 1016 3497 studeat,
1045 3417 1109 3483 nisi
1130 3432 1169 3486 nt
1227 3428 1231 3443 ²

118 3606 121 3613 y
148 3522 219 3587 Tui
239 3522 326 3586 inter
345 3519 527 3609 praecipue
545 3517 681 3606 Lipsiae
700 3532 895 3592 orna-menta
914 3518 1051 3589 videndi
1071 3524 1168 3610 copia

147 3612 258 3703 detur,
289 3636 386 3708 atque
411 3648 434 3701 a
455 3623 507 3687 Te
534 3621 574 3687 ad
595 3642 766 3693 sermones
786 3623 951 3690 admissus
967 3624 1166 3692 humaniter

145 3727 353 3818 excipiatur,
380 3725 420 3792 ed
451 3723 538 3812 quod
564 3724 659 3790 nulla
685 3745 773 3814 opus
793 3725 930 3793 haberet
951 3728 1166 3795 commenda·

143 3835 247 3901 tione:
269 3831 395 3898 ferme
417 3828 559 3916 amplius
573 3828 652 3916 quid
667 3841 853 3913 rogantem,
874 3830 966 3918 quod
990 3831 1062 3897 sine
1085 3831 1165 3899 Tua

88 3952 108 3993 ἰ
141 3935 291 4005 molestia
314 3933 388 4002 fieri
417 3931 521 4023 possit
548 3941 580 3996 et
606 3931 643 3997 in
670 3950 739 4018 qno
766 3954 836 4000 non
861 3935 945 4003 aliae
965 3933 1063 4004 Tuae
1084 3946 1163 4003 sunt
