2626 4524
521 282 525 287 ”
544 284 755 313 auom

208 434 212 443 ¹
314 454 320 587 [
436 425 814 592 -ΕΡΙεΤᾸνΙἸ

442 658 865 755 10.Auo.aaunspn

518 829 617 868 VIRO
653 824 787 869 CELE'B.

276 937 410 1079 'usu
447 962 981 1023 uouuruurussntu

147 1194 228 1300 Sub
254 1232 371 1319 ipsum*
395 1257 510 1299 meum
536 1258 583 1301 ex
603 1233 741 1299 Batavia
763 1232 944 1298 discessum
965 1227 1044 1293 duas
1067 1247 1088 1290 a
1108 1224 1161 1292 Te

144 1332 394 1403 literaseodem
416 1337 488 1403 sere
511 1350 660 1425 tempore
680 1337 817 1422 scriptas
840 1333 959 1422 accepi.
1001 1330 1163 1419 Inprimis

76 1506 81 1517 ,
145 1437 232 1524 mihi
253 1453 365 1524 gratus
388 1443 506 1517 accidit
526 1441 716 1526 Catalogus.
739 1461 840 1526 quem
862 1437 1035 1531 adjeceras,
1055 1434 1162 1499 Boet-

27 1573 29 1577 ·
141 1540 302 1626 nerianae
322 1541 555 1613 bibliothecae:
578 1568 621 1611 ex
643 1567 725 1631 qua,
747 1541 880 1629 quando
897 1548 1091 1627 potestatem
1108 1534 1163 1601 fa-

146 1641 209 1725 cis,
238 1636 366 1732 pretio,
398 1636 466 1737 quo
497 1649 575 1716 Tibi
605 1639 695 1735 digni
724 1648 786 1714 visi
815 1645 973 1724 fuerint„
992 1641 1054 1706 hos
1078 1640 1164 1706 mihi

145 1742 246 1843 libros
264 1751 412 1835 parabis:
440 1775 462 1838 p
500 1753 549 1816 55.
582 1750 816 1839 Phrynichum
842 1773 919 1813 cum
947 1744 1044 1810 MSS.
1071 1745 1166 1817 Vul-

110 1937 112 1941 ,
148 1849 251 1929 canii,
271 1850 386 1945 ¹sisint
406 1853 545 1936 alicujus
566 1855 736 1927 momenti.
760 1877 793 1940 p.
819 1873 869 1935 71.
903 1848 1070 1914 Grammii
1091 1846 1165 1911 Ob-

147 1942 348 2020 servationes
375 1956 410 2019 in
437 1957 595 2033 Aratum.
627 1979 658 2041 p.
681 1955 732 2023 68.
765 1953 897 2021 Scholia
919 1951 1060 2015 Homeri
1088 1951 1164 2033 Ro-

144 2072 222 2120 mae
242 2043 337 2139 ¹1517.
368 2080 446 2123 oum
469 2059 542 2127 MS.
563 2056 724 2144 salmasii.
762 2056 846 2122 Ibid.
875 2053 1008 2119 Scholia
1029 2055 1065 2120 in
1087 2056 1165 2119 Ηο-

64 2230 73 2239 ,
114 2179 282 2251 ‘ymerum
303 2185 380 2226 cum
402 2163 488 2229 notis
504 2162 748 2247 Bongiovanni.
770 2182 803 2248 p.
820 2177 870 2244 72.
893 2157 1054 2223 Nicandri
1069 2157 1166 2222 The-

148 2261 238 2327 riaoa
264 2252 355 2351 apud
376 2263 516 2332 Aldum.
544 2267 593 2331 Ib.
614 2267 714 2333 Dicta
735 2263 916 2330 Poetarum
945 2283 989 2325 ex
1009 2262 1166 2344 ,Stobaem
1217 2282 1220 2295 ·

149 2385 184 2452 p.
206 2366 257 2448 75.
279 2366 410 2434 Scholia
431 2369 468 2434 in
481 2364 835 2447 Homerum'Homeji.
856 2389 892 2454 p.
917 2364 967 2441 78.
995 2352 1167 2431 Phsseleu'-

150 2467 237 2534 theri
257 2470 397 2538 Emend·
427 2474 464 2538 in
491 2472 730 2538 Menandrum.
775 2470 849 2536 ΝΒ.
873 2467 1053 2534 editionem
1076 2471 1167 2535 Can·
1255 2508 1257 2518 ,

150 2571 393 2656 tubrigiensem.
421 2598 456 2661 p.
486 2575 539 2640 86.
577 2573 795 2662 Spicilegium
818 2572 1166 2638 Animadversionum

150 2671 187 2736 in
214 2673 463 2742 Philostratum.
485 2672 518 2766 p.
544 2697 614 2742 102.
647 2676 797 2763 Putschii
818 2677 1005 2741 Grammat.
1027 2687 1166 2739 veteres.
1245 2670 1248 2679 ’

153 2773 321 2841 Grammii
344 2779 516 2845 Observat.
538 2780 575 2845 in
594 2779 743 2845 Aratum
764 2791 796 2844 ct
815 2779 1045 2868 Bongiovunni
1059 2779 1167 2842 Scho-

151 2878 198 2943 lia
218 2879 254 2944 in
268 2883 370 2947 Hom.
393 2868 511 2969 quovis
532 2886 639 2973 pretio
662 2885 729 2948 emi
750 2884 862 2949 velim.
906 2884 1064 2949 Alterum
1077 2883 1168 2947 enim
1230 2916 1234 2924 ·

152 3004 328 3069 nunquam
345 2987 431 3067 vidi,
460 2987 602 3054 alterum
623 2989 736 3054 semel.

235 3088 401 3173 Equidem
422 3092 537 3179 plures
557 3093 626 3175 jam
647 3113 778 3156 menses
800 3090 836 3154 in
850 3088 960 3172 Gallia
980 3090 1113 3167 haere0‚
1135 3097 1168 3150 et

153 3189 190 3254 in
212 3193 415 3258 excutiendis
436 3207 508 3260 tum
529 3193 685 3281 publicis,
706 3203 780 3259 tum
790 3193 1073 3259 Monasteriorum
1093 3189 1167 3280 pri-

96 3306 99 3313 '
153 3306 378 3382 vasorumque
389 3297 576 3364 'hominum
591 3296 798 3363 bibliothecis
810 3298 956 3362 multum
971 3295 1071 3359 studii
1084 3316 1169 3359 con-

154 3420 261 3461 sumo.
310 3402 431 3487 Neque
452 3401 560 3465 adhuc
585 3402 733 3491 poenitet
753 3414 964 3466 sumtuosum
985 3399 1047 3464 iter
1069 3397 1170 3464 fecis-

155 3523 201 3566 se.
244 3503 335 3566 Nam
357 3526 436 3569 vere
457 3503 555 3577 Tibi,
585 3505 632 3569 mi
658 3506 807 3590 Ernesti,
827 3504 997 3571 affirmare
1017 3524 1168 3592 possum,
1224 3575 1238 3597 .

61 3690 63 3695 Ι
155 3604 218 3669 hoc
241 3605 304 3668 iter
323 3628 453 3687 meum,
474 3606 502 3670 si
523 3608 617 3674 Deus
638 3610 742 3675 vitam
764 3610 974 3690 concesserit,
1004 3620 1037 3672 et
1058 3609 1172 3679 Grae-¹

158 3709 203 3774 cis
233 3707 336 3773 literis
376 3722 408 3773 et
435 3709 526 3773 omni
555 3713 741 3798 antiquitati
769 3711 911 3779 mirifice
933 3711 1168 3802 profuturum.

155 3814 291 3878 Etenim
312 3813 425 3901 plures
446 3811 515 3896 jam
540 3814 678 3880 Criticos
707 3816 1018 3900 Grammaticosque
1040 3822 1170 3877 veteres

158 3939 202 3981 ex
222 3917 287 3982 situ
308 3931 340 3984 et
359 3917 499 4006 pulvere
519 3919 671 3996 extraxi,
695 3940 791 4006 quos,
819 3919 848 3985 si
868 3918 1006 3993 rideris,
1037 3914 1169 3982 Polluci
