2626 4524
140 294 187 368 84
536 318 746 342 oum-n

142 442 262 527 Postea
276 473 367 529 vero,
387 449 445 514 etsi
466 448 572 514 literis
592 468 663 514 non
683 446 846 514 audebam
864 451 924 516 tibi
945 453 1067 518 iterum
1077 475 1185 519 mou

141 566 242 633 lestus
263 579 344 632 esse,
364 575 435 617 non
455 551 563 616 destiti
577 538 694 614 'tamen
715 550 875 616 beneficia
893 555 970 620 Tua
990 557 1044 620 vel
1071 556 1160 640 grati

145 663 250 733 animi
271 681 370 724 sensu
392 656 552 732 recolere,
579 653 635 718 vel
664 649 789 738 ingenii
819 656 1053 742 doctrinaeque
1079 671 1160 724 tuae

146 761 461 834 commemoratione
491 756 580 844 apud
607 754 688 818 alios
716 755 893 827 celebrare.
942 759 1058 847 Atque
1079 784 1159 827 cum

145 883 257 941 tantus
284 867 352 949 jam
378 873 461 927 esset
486 861 549 925 iste
578 857 682 923 animi
709 881 788 944 erga
808 861 860 925 Te
881 863 1035 941 affectus,
1056 876 1094 928 ut
1114 863 1159 928 ad

146 997 224 1042 eum
246 968 400 1034 accedere
419 964 469 1028 nil
490 961 674 1047 quidquam
693 983 788 1049 posse
815 962 1001 1047 rideretur,
1036 989 1160 1052 magno

144 1095 258 1175 tqmen
279 1065 506 1138 admirationis
527 1065 622 1149 quasi
641 1067 776 1129 cumulo
797 1078 910 1131 auctus
928 1067 1163 1155 perfectusque

147 1192 206 1248 est.
310 1175 402 1239 Nam
429 1191 508 1231 cum
537 1187 599 1251 ego
624 1167 661 1231 in
683 1167 885 1252 antiquitatis
906 1169 1078 1259 disciplina
1099 1172 1163 1237 ista

93 1328 98 1341 .
145 1285 203 1349 via
222 1278 408 1345 incederem
429 1284 467 1337 ut
486 1270 635 1358 primum
656 1292 792 1335 omnem
811 1295 923 1338 meam
938 1296 1054 1338 curam
1078 1296 1164 1362 ope-

146 1403 287 1469 ramque
307 1380 344 1442 iu
360 1373 494 1440 Graecis
514 1373 611 1437 unice
624 1395 795 1460 ponerem,
815 1389 928 1460 postea
943 1378 1078 1441 demum
1091 1379 1166 1442 La·
1271 1388 1274 1397 '

148 1490 218 1555 tina
239 1483 454 1567 adjungerem
469 1476 574 1561 iisque
596 1497 651 1541 me
669 1477 781 1541 darem
788 1501 799 1556 3
820 1475 945 1544 factum
957 1493 1004 1544 est
1016 1492 1061 1560 ut,
1083 1504 1167 1545 cum

149 1604 247 1659 antea
274 1583 445 1651 doctrinae
466 1580 563 1645 Tuae
586 1580 824 1675 praestantiam
846 1602 890 1644 ex
917 1581 991 1647 solis
1012 1583 1166 1649 Graeco·
1238 1563 1243 1577 .

150 1714 229 1760 rum
250 1689 451 1774 scriptorum
472 1683 796 1773 interpretationibus
818 1684 1065 1770 cognovissem,
1087 1710 1167 1754 eam
1240 1670 1244 1679 Ι

151 1783 366 1863 nuncetiam
390 1812 434 1852 ex
462 1786 641 1851 latinarum
670 1787 840 1851 literarum
874 1789 1169 1873 commentationi-

148 1899 214 1962 bus
233 1891 414 1975 intelligere
434 1890 627 1976 inciperem·
669 1889 729 1953 Nil
747 1911 838 1953 uunc
858 1889 965 1954 dicam
988 1892 1028 1957 de
1048 1892 1168 1958 infini-

148 2013 185 2067 ta
205 1996 265 2080 illa
285 2007 317 2059 et
338 1991 582 2057 accuratissima
613 1991 764 2054 omnium
785 2013 900 2056 rerum
921 2006 953 2059 et
974 1994 1169 2062 divinarum

152 2114 185 2167 et
203 2101 430 2164 humanarum
451 2094 602 2172 scientia,
630 2094 680 2158 nil
702 2095 742 2157 de
764 2096 926 2161 acerrimo
946 2098 1019 2162 veri
1038 2100 1169 2187 pulcri—

114 2206 119 2217 '
152 2206 218 2295 que
247 2200 389 2287 judicio,
420 2197 470 2263 nil
496 2197 537 2261 de
563 2198 620 2263 illa
647 2197 802 2262 omnibus
832 2198 962 2264 dicendi
988 2201 1198 2270 virtutibus*
1263 2289 1271 2295 ·

153 2304 323 2378 cumulata
344 2299 500 2368 orationis
520 2299 693 2382 facultate,
712 2300 762 2365 nil
782 2303 822 2366 de
842 2301 978 2388 reliquis
993 2303 1099 2391 iisque
1111 2305 1170 2370 di-

152 2413 242 2480 vinis
264 2407 434 2474 doctrinae
454 2417 531 2471 tuae
551 2394 690 2471 dotibus.
738 2402 831 2469 Malo
859 2405 949 2470 enim
976 2409 1171 2494 gestientem
1232 2460 1237 2466 .

154 2535 255 2600 seque
275 2511 473 2574 universum
494 2509 637 2597 prodere
665 2519 765 2593 atque
791 2506 959 2575 effundere
979 2508 1171 2597 cupientem
1217 2574 1221 2581 ,

144 2634 299 2692 sensum,
322 2610 474 2696 quamvis
495 2611 618 2676 invitus
639 2612 872 2700 comprimere,
893 2632 993 2695 quam
1016 2611 1171 2678 laudibus

155 2716 221 2782 tuis
248 2713 473 2802 praedicandis
500 2713 691 2778 ambitionis
719 2714 808 2799 apud
836 2712 888 2778 Te
915 2725 1028 2778 uotam
1059 2714 1172 2780 susci-

155 2841 247 2908 pere.
297 2815 512 2901 Quamquam
533 2816 638 2883 Tuis
660 2839 693 2882 es
720 2817 757 2881 in
784 2839 850 2902 quo
870 2815 1033 2881 laudando
1062 2817 1172 2884 oratio

29 2924 32 2931 '
61 2934 67 2947 “
156 2924 265 2989 deesse
286 2919 412 2984 nemini
433 2921 552 3005 possit,
569 2908 623 3002 ut,
644 2942 751 3006 quum
772 2919 862 3004 quis,
888 2918 994 2985 multa
1016 2921 1171 3006 quamvis

156 3025 386 3092 et'innumera
406 3023 516 3089 verbis
535 3025 574 3088 in
590 3023 642 3089 Te
662 3022 839 3090 contulerit
859 3035 1062 3105 ornamenta,
1081 3025 1110 3089 is
1130 3046 1175 3090 ea

157 3152 227 3195 non
249 3127 384 3192 auribus
400 3125 489 3191 Tuis
510 3127 620 3214 potius
640 3149 742 3213 quam
763 3125 896 3191 veritati
909 3127 1041 3222 „deense
1056 3127 1174 3192 videa-

145 3242 223 3297 ·tur.
266 3234 386 3315 Neque
408 3230 508 3294 etiam
526 3232 567 3311 ,in
582 3230 668 3296 ‘illud
696 3231 885 3317 ingenium,
915 3218 1032 3295 terum
1059 3252 1173 3305 usum,

144 3344 207 3412 ·et,
220 3374 223 3379 ,
235 3345 274 3397 ut
294 3356 373 3397 vere
393 3332 517 3423 dicam,
547 3334 758 3425 sapientiam,
780 3355 863 3419 quae
886 3332 924 3398 in
944 3334 995 3398 Te
1015 3346 1079 3414 est,
1100 3334 1180 3425 ullo

73 3468 76 3473 ’
147 3434 259 3497 ‘modo
288 3438 403 3509 cadere
428 3437 551 3523 possit,
585 3449 623 3501 ut
649 3436 908 3502 benivolentiam
937 3458 1030 3502 suam
1060 3432 1176 3534 potius

159 3536 355 3601 adulationis
376 3540 500 3606 levitati
521 3561 622 3626 quam
643 3541 771 3606 sincero
792 3538 895 3604 animi
922 3539 1027 3606 cultui
1047 3540 1182 3605 verita··

158 3637 268 3724 tisque
296 3640 481 3707 testimonio
509 3643 679 3729 largiatur.
732 3645 851 3736 Neque
879 3663 962 3709 vem
989 3643 1088 3707 etiam
1109 3661 1174 3727 ego

65 3801 68 3806 .
157 3743 214 3808 vel
240 3739 286 3805 ita
314 3761 419 3806 vanus
448 3746 511 3809 sim
541 3759 640 3830 atque
668 3745 811 3830 abjectus
837 3760 874 3812 ut
902 3748 1001 3813 istam
1027 3744 1176 3812 ambiam
1217 3786 1226 3795 ·

109 3832 114 3843 ⁸
158 3844 298 3931 gratiam
326 3865 411 3928 quae
440 3847 592 3936 simulato
622 3847 715 3913 cultu
737 3860 769 3913 et
789 3850 928 3915 laudum
948 3848 1102 3913 netarum
1122 3848 1176 3913 le-

158 3948 292 4013 nocinio
314 3947 482 4016 conciliari
503 3950 617 4017 debeat
623 3973 635 4030 3
654 3951 708 4021 rel
727 3951 775 4020 ita
796 3955 913 4020 stultus
934 3944 1035 4039 atque
1047 3973 1175 4035 amens,

1174 4176 1185 4208 l
