<?xml version="1.0" encoding="UTF-8"?>
<!DOCTYPE html PUBLIC "-//W3C//DTD XHTML 1.0 Transitional//EN"
    "http://www.w3.org/TR/xhtml1/DTD/xhtml1-transitional.dtd">
<html xmlns="http://www.w3.org/1999/xhtml" xml:lang="en" lang="en">
 <head>
  <title>
</title>
<meta http-equiv="Content-Type" content="text/html;charset=utf-8" />
  <meta name='ocr-system' content='tesseract 3.04.00' />
  <meta name='ocr-capabilities' content='ocr_page ocr_carea ocr_par ocr_line ocrx_word'/>
</head>
<body>
  <div class='ocr_page' id='page_1' title='image "./davidruhnkeniil00valcgoog/davidruhnkeniil00valcgoog_0133.png"; bbox 0 0 2626 4524; ppageno 0'>
   <div class='ocr_carea' id='block_1_1' title="bbox 302 426 1230 591">
    <p class='ocr_par' dir='ltr' id='par_1_1' title="bbox 302 426 1230 591">
     <span class='ocr_line' id='line_1_1' title="bbox 302 426 1230 591; baseline 0 -37"><span class='ocrx_word' id='word_1_1' title='bbox 302 426 376 555; x_wconf 51' lang='lat' dir='ltr'><strong>n</strong></span> <span class='ocrx_word' id='word_1_2' title='bbox 427 472 477 591; x_wconf 74' lang='lat' dir='ltr'>Iri</span> <span class='ocrx_word' id='word_1_3' title='bbox 502 481 720 553; x_wconf 77' lang='lat' dir='ltr'><em>Callimachi</em></span> <span class='ocrx_word' id='word_1_4' title='bbox 744 450 1043 583; x_wconf 74' lang='lat' dir='ltr'>Epigrammata.</span> <span class='ocrx_word' id='word_1_5' title='bbox 1062 481 1099 581; x_wconf 83' lang='lat'>*)</span> <span class='ocrx_word' id='word_1_6' title='bbox 1227 448 1230 453; x_wconf 27' lang='grc' dir='ltr'>Ι</span> 
     </span>
    </p>
   </div>
   <div class='ocr_carea' id='block_1_2' title="bbox 159 716 1305 1149">
    <p class='ocr_par' dir='ltr' id='par_1_2' title="bbox 208 716 1305 841">
     <span class='ocr_line' id='line_1_2' title="bbox 208 716 1305 841; baseline 0.007 -25"><span class='ocrx_word' id='word_1_7' title='bbox 208 749 347 817; x_wconf 81' lang='lat' dir='ltr'>Anthol.</span> <span class='ocrx_word' id='word_1_8' title='bbox 370 753 410 817; x_wconf 89' lang='lat' dir='ltr'>L.</span> <span class='ocrx_word' id='word_1_9' title='bbox 432 753 458 816; x_wconf 90' lang='grc' dir='ltr'>Ι.</span> <span class='ocrx_word' id='word_1_10' title='bbox 480 771 551 838; x_wconf 87' lang='lat' dir='ltr'>cap.</span> <span class='ocrx_word' id='word_1_11' title='bbox 577 773 603 815; x_wconf 95' lang='grc'>1.</span> <span class='ocrx_word' id='word_1_12' title='bbox 632 750 684 838; x_wconf 84' lang='lat' dir='ltr'>ep.</span> <span class='ocrx_word' id='word_1_13' title='bbox 708 771 735 814; x_wconf 80' lang='grc'>1.</span> <span class='ocrx_word' id='word_1_14' title='bbox 776 745 854 819; x_wconf 71' lang='lat' dir='ltr'>Tria</span> <span class='ocrx_word' id='word_1_15' title='bbox 875 741 971 841; x_wconf 77' lang='grc' dir='ltr'>ἥβαν</span> <span class='ocrx_word' id='word_1_16' title='bbox 993 749 1030 829; x_wconf 79' lang='grc' dir='ltr'>ἐς</span> <span class='ocrx_word' id='word_1_17' title='bbox 1050 736 1174 823; x_wconf 72' lang='grc' dir='ltr'><em>ἄεθλα</em></span> <span class='ocrx_word' id='word_1_18' title='bbox 1197 781 1230 822; x_wconf 83' lang='grc' dir='ltr'>κ.</span> <span class='ocrx_word' id='word_1_19' title='bbox 1254 806 1257 813; x_wconf 79' lang='lat'>·</span> <span class='ocrx_word' id='word_1_20' title='bbox 1282 716 1305 767; x_wconf 19' lang='grc' dir='ltr'><strong>ἰ</strong></span> 
     </span>
    </p>

    <p class='ocr_par' dir='ltr' id='par_1_3' title="bbox 159 851 1297 1149">
     <span class='ocr_line' id='line_1_3' title="bbox 248 851 1230 944; baseline 0.002 -21"><span class='ocrx_word' id='word_1_21' title='bbox 248 862 278 924; x_wconf 87' lang='grc' dir='ltr'>λ.</span> <span class='ocrx_word' id='word_1_22' title='bbox 310 854 503 921; x_wconf 78' lang='lat' dir='ltr'><strong>scholiastes</strong></span> <span class='ocrx_word' id='word_1_23' title='bbox 531 853 674 918; x_wconf 88' lang='lat' dir='ltr'>ineditus</span> <span class='ocrx_word' id='word_1_24' title='bbox 709 851 853 934; x_wconf 85' lang='lat' dir='ltr'>dubitat,</span> <span class='ocrx_word' id='word_1_25' title='bbox 885 866 1003 920; x_wconf 87' lang='lat' dir='ltr'>utrum</span> <span class='ocrx_word' id='word_1_26' title='bbox 1030 856 1148 944; x_wconf 83' lang='lat' dir='ltr'>Epigr.</span> <span class='ocrx_word' id='word_1_27' title='bbox 1185 859 1230 925; x_wconf 82' lang='lat' dir='ltr'>eit</span> 
     </span>
     <span class='ocr_line' id='line_1_4' title="bbox 159 948 1297 1083; baseline 0.001 -57"><span class='ocrx_word' id='word_1_28' title='bbox 159 955 168 970; x_wconf 54' lang='lat'>³</span> <span class='ocrx_word' id='word_1_29' title='bbox 214 948 470 1043; x_wconf 61' lang='lat' dir='ltr'>Aaou&#39;uov&#39;*</span> <span class='ocrx_word' id='word_1_30' title='bbox 445 985 467 1049; x_wconf 78' lang='grc' dir='ltr'><em>η</em></span> <span class='ocrx_word' id='word_1_31' title='bbox 497 950 742 1083; x_wconf 78' lang='grc' dir='ltr'><strong><em>Καλλιμάχου.</em></strong></span> <span class='ocrx_word' id='word_1_32' title='bbox 772 956 839 1023; x_wconf 87' lang='lat' dir='ltr'>vid</span> <span class='ocrx_word' id='word_1_33' title='bbox 866 957 1230 1028; x_wconf 55' lang='grc' dir='ltr'><strong>Βο11111ὒ1101η11.</strong></span> <span class='ocrx_word' id='word_1_34' title='bbox 1292 1008 1297 1014; x_wconf 89' lang='lat'><em>-</em></span> 
     </span>
     <span class='ocr_line' id='line_1_5' title="bbox 234 1063 381 1149; baseline -0.008 -23.904"><span class='ocrx_word' id='word_1_35' title='bbox 234 1084 283 1149; x_wconf 98' lang='grc' dir='ltr'>Ρ</span> <span class='ocrx_word' id='word_1_36' title='bbox 306 1063 381 1125; x_wconf 77' lang='grc'><strong>514.</strong></span> 
     </span>
    </p>
   </div>
   <div class='ocr_carea' id='block_1_3' title="bbox 154 1148 1281 1473">
    <p class='ocr_par' dir='ltr' id='par_1_4' title="bbox 154 1148 1281 1473">
     <span class='ocr_line' id='line_1_6' title="bbox 205 1148 1281 1270; baseline 0.007 -28"><span class='ocrx_word' id='word_1_37' title='bbox 205 1176 280 1242; x_wconf 88' lang='lat' dir='ltr'>Lib.</span> <span class='ocrx_word' id='word_1_38' title='bbox 303 1177 330 1242; x_wconf 88' lang='lat' dir='ltr'>I.</span> <span class='ocrx_word' id='word_1_39' title='bbox 351 1200 423 1263; x_wconf 85' lang='lat' dir='ltr'>cap.</span> <span class='ocrx_word' id='word_1_40' title='bbox 447 1197 498 1260; x_wconf 83' lang='lat'>27.</span> <span class='ocrx_word' id='word_1_41' title='bbox 522 1199 574 1266; x_wconf 88' lang='lat' dir='ltr'>ep.</span> <span class='ocrx_word' id='word_1_42' title='bbox 596 1197 625 1242; x_wconf 86' lang='lat'>2</span> <span class='ocrx_word' id='word_1_43' title='bbox 647 1148 808 1246; x_wconf 78' lang='lat' dir='ltr'>Av&#39;td</span> <span class='ocrx_word' id='word_1_44' title='bbox 767 1204 807 1245; x_wconf 85' lang='lat' dir='ltr'>to</span> <span class='ocrx_word' id='word_1_45' title='bbox 828 1173 899 1270; x_wconf 69' lang='lat' dir='ltr'>scrip</span> <span class='ocrx_word' id='word_1_46' title='bbox 922 1169 1065 1249; x_wconf 69' lang='grc' dir='ltr'><em>καύσειν</em></span> <span class='ocrx_word' id='word_1_47' title='bbox 1084 1175 1227 1269; x_wconf 73' lang='grc' dir='ltr'><strong><em>διζήμε·</em></strong></span> <span class='ocrx_word' id='word_1_48' title='bbox 1277 1214 1281 1223; x_wconf 90' lang='grc'><strong><em>·</em></strong></span> 
     </span>
     <span class='ocr_line' id='line_1_7' title="bbox 154 1271 1227 1368; baseline 0.003 -20"><span class='ocrx_word' id='word_1_49' title='bbox 154 1271 157 1275; x_wconf 86' lang='lat'>.</span> <span class='ocrx_word' id='word_1_50' title='bbox 248 1306 320 1358; x_wconf 77' lang='grc' dir='ltr'><strong>νος.</strong></span> <span class='ocrx_word' id='word_1_51' title='bbox 355 1282 458 1346; x_wconf 84' lang='lat' dir='ltr'>that</span> <span class='ocrx_word' id='word_1_52' title='bbox 486 1277 696 1367; x_wconf 86' lang='lat' dir='ltr'>Obsopaeus‚</span> <span class='ocrx_word' id='word_1_53' title='bbox 722 1281 900 1350; x_wconf 85' lang='lat' dir='ltr'>nonnullos</span> <span class='ocrx_word' id='word_1_54' title='bbox 928 1281 993 1344; x_wconf 89' lang='lat' dir='ltr'>hoc</span> <span class='ocrx_word' id='word_1_55' title='bbox 1015 1282 1227 1368; x_wconf 80' lang='lat' dir='ltr'>epigramma</span> 
     </span>
     <span class='ocr_line' id='line_1_8' title="bbox 250 1381 1226 1473; baseline 0.005 -25"><span class='ocrx_word' id='word_1_56' title='bbox 250 1381 448 1448; x_wconf 81' lang='lat' dir='ltr'>Callimachi</span> <span class='ocrx_word' id='word_1_57' title='bbox 469 1397 597 1473; x_wconf 86' lang='lat' dir='ltr'>putare.</span> <span class='ocrx_word' id='word_1_58' title='bbox 620 1386 675 1450; x_wconf 81' lang='lat' dir='ltr'>Ex</span> <span class='ocrx_word' id='word_1_59' title='bbox 692 1382 815 1449; x_wconf 85' lang='lat' dir='ltr'>Codice</span> <span class='ocrx_word' id='word_1_60' title='bbox 836 1395 949 1448; x_wconf 86' lang='lat' dir='ltr'>tamen</span> <span class='ocrx_word' id='word_1_61' title='bbox 963 1383 1112 1450; x_wconf 85' lang='lat' dir='ltr'>Palatino</span> <span class='ocrx_word' id='word_1_62' title='bbox 1133 1387 1226 1453; x_wconf 92' lang='lat' dir='ltr'>nihil</span> 
     </span>
    </p>
   </div>
   <div class='ocr_carea' id='block_1_4' title="bbox 247 1489 609 1575">
    <p class='ocr_par' dir='ltr' id='par_1_5' title="bbox 247 1489 609 1575">
     <span class='ocr_line' id='line_1_9' title="bbox 247 1489 609 1575; baseline -0.003 -25"><span class='ocrx_word' id='word_1_63' title='bbox 247 1499 441 1551; x_wconf 81' lang='lat' dir='ltr'>annotatum</span> <span class='ocrx_word' id='word_1_64' title='bbox 464 1489 609 1575; x_wconf 81' lang='lat' dir='ltr'>reperio.</span> 
     </span>
    </p>
   </div>
   <div class='ocr_carea' id='block_1_5' title="bbox 115 1584 1235 1795">
    <p class='ocr_par' dir='ltr' id='par_1_6' title="bbox 115 1584 1235 1795">
     <span class='ocr_line' id='line_1_10' title="bbox 115 1584 1235 1697; baseline 0.004 -26"><span class='ocrx_word' id='word_1_65' title='bbox 115 1608 118 1617; x_wconf 79' lang='grc'><em>“</em></span> <span class='ocrx_word' id='word_1_66' title='bbox 203 1605 279 1672; x_wconf 87' lang='lat' dir='ltr'>Lib.</span> <span class='ocrx_word' id='word_1_67' title='bbox 301 1605 328 1669; x_wconf 93' lang='grc' dir='ltr'>Ι.</span> <span class='ocrx_word' id='word_1_68' title='bbox 350 1626 422 1691; x_wconf 86' lang='lat' dir='ltr'>cap.</span> <span class='ocrx_word' id='word_1_69' title='bbox 443 1600 496 1688; x_wconf 85' lang='grc'>67.</span> <span class='ocrx_word' id='word_1_70' title='bbox 532 1595 655 1697; x_wconf 78' lang='grc' dir='ltr'><em>Μικρῆ</em></span> <span class='ocrx_word' id='word_1_71' title='bbox 666 1627 728 1680; x_wconf 75' lang='grc' dir='ltr'>Ιτις</span> <span class='ocrx_word' id='word_1_72' title='bbox 748 1594 894 1672; x_wconf 75' lang='grc' dir='ltr'><em>Διόνυσε</em></span> <span class='ocrx_word' id='word_1_73' title='bbox 915 1595 1008 1672; x_wconf 74' lang='lat' dir='ltr'>ualui</span> <span class='ocrx_word' id='word_1_74' title='bbox 1029 1584 1235 1697; x_wconf 58' lang='lat' dir='ltr'>reprimeres</span> 
     </span>
     <span class='ocr_line' id='line_1_11' title="bbox 248 1705 962 1795; baseline -0.003 -22"><span class='ocrx_word' id='word_1_75' title='bbox 248 1721 308 1773; x_wconf 85' lang='lat' dir='ltr'>etc.</span> <span class='ocrx_word' id='word_1_76' title='bbox 330 1707 433 1772; x_wconf 89' lang='lat' dir='ltr'>Huet.</span> <span class='ocrx_word' id='word_1_77' title='bbox 453 1707 533 1772; x_wconf 81' lang='lat' dir='ltr'>Not.</span> <span class='ocrx_word' id='word_1_78' title='bbox 555 1708 593 1772; x_wconf 90' lang='lat' dir='ltr'>in</span> <span class='ocrx_word' id='word_1_79' title='bbox 613 1705 752 1772; x_wconf 84' lang='lat' dir='ltr'>Anthol.</span> <span class='ocrx_word' id='word_1_80' title='bbox 774 1729 808 1795; x_wconf 91' lang='lat' dir='ltr'>p.</span> <span class='ocrx_word' id='word_1_81' title='bbox 833 1727 880 1772; x_wconf 81' lang='lat'>12.</span> <span class='ocrx_word' id='word_1_82' title='bbox 956 1764 962 1778; x_wconf 86' lang='grc'><em>,</em></span> 
     </span>
    </p>
   </div>
   <div class='ocr_carea' id='block_1_6' title="bbox 92 1822 1224 1913">
    <p class='ocr_par' dir='ltr' id='par_1_7' title="bbox 92 1822 1224 1913">
     <span class='ocr_line' id='line_1_12' title="bbox 92 1822 1224 1913; baseline 0.001 -23"><span class='ocrx_word' id='word_1_83' title='bbox 92 1859 98 1871; x_wconf 77' lang='lat'>=</span> <span class='ocrx_word' id='word_1_84' title='bbox 126 1842 132 1884; x_wconf 83' lang='grc'>.’</span> <span class='ocrx_word' id='word_1_85' title='bbox 201 1825 405 1912; x_wconf 78' lang='lat' dir='ltr'>Crinagorae</span> <span class='ocrx_word' id='word_1_86' title='bbox 449 1824 683 1912; x_wconf 82' lang='lat' dir='ltr'>Epigramma,</span> <span class='ocrx_word' id='word_1_87' title='bbox 735 1823 826 1910; x_wconf 89' lang='lat' dir='ltr'>quod</span> <span class='ocrx_word' id='word_1_88' title='bbox 867 1824 974 1890; x_wconf 87' lang='lat' dir='ltr'>Bentl·</span> <span class='ocrx_word' id='word_1_89' title='bbox 1010 1822 1140 1913; x_wconf 84' lang='lat' dir='ltr'><strong>profert</strong></span> <span class='ocrx_word' id='word_1_90' title='bbox 1178 1826 1224 1906; x_wconf 85' lang='lat' dir='ltr'>ad</span> 
     </span>
    </p>
   </div>
   <div class='ocr_carea' id='block_1_7' title="bbox 243 1925 1278 2513">
    <p class='ocr_par' dir='ltr' id='par_1_8' title="bbox 243 1925 1278 2513">
     <span class='ocr_line' id='line_1_13' title="bbox 243 1925 1278 2014; baseline 0.001 -22"><span class='ocrx_word' id='word_1_91' title='bbox 243 1927 377 2013; x_wconf 82' lang='lat' dir='ltr'>Fragm.</span> <span class='ocrx_word' id='word_1_92' title='bbox 399 1927 477 1993; x_wconf 87' lang='lat' dir='ltr'>XL.</span> <span class='ocrx_word' id='word_1_93' title='bbox 499 1927 545 1992; x_wconf 85' lang='lat' dir='ltr'>ita</span> <span class='ocrx_word' id='word_1_94' title='bbox 568 1926 702 2014; x_wconf 80' lang='lat' dir='ltr'>corrigit</span> <span class='ocrx_word' id='word_1_95' title='bbox 719 1925 899 2011; x_wconf 79' lang='lat' dir='ltr'>Salmasius</span> <span class='ocrx_word' id='word_1_96' title='bbox 919 1926 1006 1992; x_wconf 88' lang='lat' dir='ltr'>notis</span> <span class='ocrx_word' id='word_1_97' title='bbox 1029 1926 1162 1992; x_wconf 86' lang='lat' dir='ltr'>ineditis</span> <span class='ocrx_word' id='word_1_98' title='bbox 1184 1928 1223 1993; x_wconf 90' lang='lat' dir='ltr'>in</span> <span class='ocrx_word' id='word_1_99' title='bbox 1274 1928 1278 1935; x_wconf 83' lang='lat'>&#39;</span> 
     </span>
     <span class='ocr_line' id='line_1_14' title="bbox 243 2021 1223 2120; baseline 0.002 -22"><span class='ocrx_word' id='word_1_100' title='bbox 243 2031 384 2098; x_wconf 84' lang='lat' dir='ltr'>Anthol.</span> <span class='ocrx_word' id='word_1_101' title='bbox 405 2025 514 2112; x_wconf 66' lang='lat' dir='ltr'>„toris</span> <span class='ocrx_word' id='word_1_102' title='bbox 537 2027 696 2120; x_wconf 71' lang='grc' dir='ltr'>ἐπέθηκε.</span> <span class='ocrx_word' id='word_1_103' title='bbox 724 2031 833 2118; x_wconf 84' lang='lat' dir='ltr'><strong>Lege,</strong></span> <span class='ocrx_word' id='word_1_104' title='bbox 863 2021 933 2107; x_wconf 67' lang='grc' dir='ltr'>οὓς.</span> <span class='ocrx_word' id='word_1_105' title='bbox 968 2030 1056 2094; x_wconf 83' lang='lat' dir='ltr'>Mox</span> <span class='ocrx_word' id='word_1_106' title='bbox 1078 2031 1114 2095; x_wconf 86' lang='lat' dir='ltr'>in</span> <span class='ocrx_word' id='word_1_107' title='bbox 1136 2030 1223 2100; x_wconf 86' lang='lat' dir='ltr'>Cod.</span> 
     </span>
     <span class='ocr_line' id='line_1_15' title="bbox 243 2126 1221 2226; baseline 0.005 -29"><span class='ocrx_word' id='word_1_108' title='bbox 243 2134 393 2220; x_wconf 81' lang='lat' dir='ltr'>Palatino</span> <span class='ocrx_word' id='word_1_109' title='bbox 415 2135 554 2223; x_wconf 84' lang='lat' dir='ltr'>legitur,</span> <span class='ocrx_word' id='word_1_110' title='bbox 576 2127 659 2212; x_wconf 72' lang='lat' dir='ltr'>eoric</span> <span class='ocrx_word' id='word_1_111' title='bbox 684 2135 800 2202; x_wconf 81' lang='grc' dir='ltr'><strong><em>οἱκαὶ</em></strong></span> <span class='ocrx_word' id='word_1_112' title='bbox 822 2126 953 2225; x_wconf 78' lang='grc' dir='ltr'><em>νεαρδν</em></span> <span class='ocrx_word' id='word_1_113' title='bbox 973 2134 1107 2226; x_wconf 76' lang='grc' dir='ltr'><em>χειρῶν</em></span> <span class='ocrx_word' id='word_1_114' title='bbox 1132 2133 1221 2225; x_wconf 71' lang='grc' dir='ltr'>σθέ-</span> 
     </span>
     <span class='ocr_line' id='line_1_16' title="bbox 243 2229 1221 2329; baseline -0.006 -20"><span class='ocrx_word' id='word_1_115' title='bbox 243 2246 313 2316; x_wconf 54' lang='grc' dir='ltr'>νος.</span> <span class='ocrx_word' id='word_1_116' title='bbox 336 2239 446 2320; x_wconf 80' lang='lat' dir='ltr'>Forte,</span> <span class='ocrx_word' id='word_1_117' title='bbox 467 2235 519 2325; x_wconf 72' lang='lat' dir='ltr'>soi</span> <span class='ocrx_word' id='word_1_118' title='bbox 531 2263 587 2306; x_wconf 85' lang='grc' dir='ltr'>σοι</span> <span class='ocrx_word' id='word_1_119' title='bbox 609 2239 669 2307; x_wconf 85' lang='grc' dir='ltr'>καὶ</span> <span class='ocrx_word' id='word_1_120' title='bbox 691 2229 833 2329; x_wconf 75' lang='grc' dir='ltr'>νεαρόν.</span> <span class='ocrx_word' id='word_1_121' title='bbox 855 2235 921 2301; x_wconf 90' lang='lat' dir='ltr'>Hic</span> <span class='ocrx_word' id='word_1_122' title='bbox 937 2235 1117 2301; x_wconf 83' lang='lat' dir='ltr'>Marcellus</span> <span class='ocrx_word' id='word_1_123' title='bbox 1131 2235 1221 2303; x_wconf 84' lang='lat' dir='ltr'>forte</span> 
     </span>
     <span class='ocr_line' id='line_1_17' title="bbox 244 2336 1222 2430; baseline -0.002 -21"><span class='ocrx_word' id='word_1_124' title='bbox 244 2341 310 2409; x_wconf 84' lang='lat' dir='ltr'>fuit</span> <span class='ocrx_word' id='word_1_125' title='bbox 329 2341 502 2426; x_wconf 82' lang='lat' dir='ltr'>librarius,</span> <span class='ocrx_word' id='word_1_126' title='bbox 533 2340 591 2428; x_wconf 83' lang='lat' dir='ltr'>qui</span> <span class='ocrx_word' id='word_1_127' title='bbox 611 2341 675 2406; x_wconf 89' lang='lat' dir='ltr'>hoc</span> <span class='ocrx_word' id='word_1_128' title='bbox 697 2336 893 2406; x_wconf 81' lang='lat' dir='ltr'>Callimachi</span> <span class='ocrx_word' id='word_1_129' title='bbox 914 2339 1049 2430; x_wconf 74' lang='grc' dir='ltr'><strong><em>ποίὴμα</em></strong></span> <span class='ocrx_word' id='word_1_130' title='bbox 1067 2338 1222 2407; x_wconf 88' lang='lat' dir='ltr'>Hecalen</span> 
     </span>
     <span class='ocr_line' id='line_1_18' title="bbox 244 2436 885 2513; baseline -0.019 -4"><span class='ocrx_word' id='word_1_131' title='bbox 244 2436 453 2513; x_wconf 66' lang='lat' dir='ltr'>exaraverat}</span> <span class='ocrx_word' id='word_1_132' title='bbox 462 2449 482 2482; x_wconf 83' lang='lat'>“</span> <span class='ocrx_word' id='word_1_133' title='bbox 504 2446 675 2510; x_wconf 87' lang='lat' dir='ltr'>Hactenus</span> <span class='ocrx_word' id='word_1_134' title='bbox 696 2438 885 2507; x_wconf 77' lang='lat' dir='ltr'>Salmasius.</span> 
     </span>
    </p>
   </div>
   <div class='ocr_carea' id='block_1_8' title="bbox 204 2547 1223 2748">
    <p class='ocr_par' dir='ltr' id='par_1_9' title="bbox 204 2547 1223 2748">
     <span class='ocr_line' id='line_1_19' title="bbox 204 2547 1223 2651; baseline -0.003 -20"><span class='ocrx_word' id='word_1_135' title='bbox 204 2562 339 2631; x_wconf 89' lang='lat' dir='ltr'>Anthol.</span> <span class='ocrx_word' id='word_1_136' title='bbox 362 2563 402 2626; x_wconf 92' lang='lat' dir='ltr'>L.</span> <span class='ocrx_word' id='word_1_137' title='bbox 424 2561 453 2625; x_wconf 93' lang='grc' dir='ltr'>Ι.</span> <span class='ocrx_word' id='word_1_138' title='bbox 474 2581 545 2648; x_wconf 83' lang='lat' dir='ltr'>cap.</span> <span class='ocrx_word' id='word_1_139' title='bbox 568 2559 620 2643; x_wconf 88' lang='grc'>67.</span> <span class='ocrx_word' id='word_1_140' title='bbox 641 2549 940 2643; x_wconf 78' lang='grc' dir='ltr'><em>Καλλίμαχος</em></span> <span class='ocrx_word' id='word_1_141' title='bbox 897 2583 937 2623; x_wconf 86' lang='grc' dir='ltr'>το</span> <span class='ocrx_word' id='word_1_142' title='bbox 962 2547 1153 2651; x_wconf 69' lang='grc' dir='ltr'>κάθαρμα,</span> <span class='ocrx_word' id='word_1_143' title='bbox 1177 2551 1223 2628; x_wconf 74' lang='lat' dir='ltr'>td</span> 
     </span>
     <span class='ocr_line' id='line_1_20' title="bbox 243 2658 1220 2748; baseline -0.006 -18"><span class='ocrx_word' id='word_1_144' title='bbox 243 2664 410 2748; x_wconf 71' lang='grc' dir='ltr'><em>παίγνιον</em></span> <span class='ocrx_word' id='word_1_145' title='bbox 438 2673 498 2728; x_wconf 85' lang='lat' dir='ltr'>etc.</span> <span class='ocrx_word' id='word_1_146' title='bbox 528 2663 632 2726; x_wconf 81' lang='lat' dir='ltr'>Recte</span> <span class='ocrx_word' id='word_1_147' title='bbox 661 2658 804 2741; x_wconf 85' lang='lat' dir='ltr'>conjecit</span> <span class='ocrx_word' id='word_1_148' title='bbox 824 2660 1010 2737; x_wconf 86' lang='lat' dir='ltr'>Brodaeus‚</span> <span class='ocrx_word' id='word_1_149' title='bbox 1037 2661 1100 2727; x_wconf 88' lang='lat' dir='ltr'>hoc</span> <span class='ocrx_word' id='word_1_150' title='bbox 1112 2660 1220 2727; x_wconf 91' lang='lat' dir='ltr'>disti-</span> 
     </span>
    </p>
   </div>
   <div class='ocr_carea' id='block_1_9' title="bbox 243 2745 1277 2953">
    <p class='ocr_par' dir='ltr' id='par_1_10' title="bbox 243 2745 1277 2953">
     <span class='ocr_line' id='line_1_21' title="bbox 245 2745 1277 2867; baseline -0.002 -37"><span class='ocrx_word' id='word_1_151' title='bbox 245 2765 333 2830; x_wconf 89' lang='lat' dir='ltr'>chon</span> <span class='ocrx_word' id='word_1_152' title='bbox 354 2745 536 2852; x_wconf 82' lang='lat' dir='ltr'>Apollonio</span> <span class='ocrx_word' id='word_1_153' title='bbox 557 2762 689 2829; x_wconf 89' lang='lat' dir='ltr'>Rhodio</span> <span class='ocrx_word' id='word_1_154' title='bbox 711 2752 832 2827; x_wconf 74' lang='lat' dir='ltr'>debdri</span> <span class='ocrx_word' id='word_1_155' title='bbox 875 2763 964 2829; x_wconf 86' lang='lat' dir='ltr'>Huic</span> <span class='ocrx_word' id='word_1_156' title='bbox 986 2764 1077 2829; x_wconf 88' lang='lat' dir='ltr'>enim</span> <span class='ocrx_word' id='word_1_157' title='bbox 1098 2762 1221 2828; x_wconf 84' lang='lat' dir='ltr'>tribuit</span> <span class='ocrx_word' id='word_1_158' title='bbox 1274 2860 1277 2867; x_wconf 25' lang='grc' dir='ltr'>Ι</span> 
     </span>
     <span class='ocr_line' id='line_1_22' title="bbox 243 2864 1218 2953; baseline -0.006 -18"><span class='ocrx_word' id='word_1_159' title='bbox 243 2868 437 2935; x_wconf 85' lang='lat' dir='ltr'>Scholiastcs</span> <span class='ocrx_word' id='word_1_160' title='bbox 458 2867 684 2953; x_wconf 83' lang='lat' dir='ltr'>Anthologiae</span> <span class='ocrx_word' id='word_1_161' title='bbox 703 2866 861 2931; x_wconf 83' lang='lat' dir='ltr'>ineditus.</span> <span class='ocrx_word' id='word_1_162' title='bbox 885 2866 950 2932; x_wconf 85' lang='lat' dir='ltr'>vid.</span> <span class='ocrx_word' id='word_1_163' title='bbox 971 2866 1077 2931; x_wconf 89' lang='lat' dir='ltr'>Bentl</span> <span class='ocrx_word' id='word_1_164' title='bbox 1099 2864 1143 2929; x_wconf 82' lang='lat' dir='ltr'>cd</span> <span class='ocrx_word' id='word_1_165' title='bbox 1158 2865 1218 2930; x_wconf 89' lang='lat' dir='ltr'>Fr.</span> 
     </span>
    </p>
   </div>
   <div class='ocr_carea' id='block_1_10' title="bbox 182 2968 924 3081">
    <p class='ocr_par' dir='ltr' id='par_1_11' title="bbox 182 2968 924 3081">
     <span class='ocr_line' id='line_1_23' title="bbox 182 2968 924 3081; baseline -0.007 -45"><span class='ocrx_word' id='word_1_166' title='bbox 182 3069 194 3081; x_wconf 25' lang='lat' dir='ltr'><em>l</em></span> <span class='ocrx_word' id='word_1_167' title='bbox 241 2971 267 3036; x_wconf 94' lang='grc' dir='ltr'>Ι.</span> <span class='ocrx_word' id='word_1_168' title='bbox 290 2983 322 3036; x_wconf 87' lang='lat' dir='ltr'>ct</span> <span class='ocrx_word' id='word_1_169' title='bbox 343 2971 445 3059; x_wconf 81' lang='lat' dir='ltr'>Epist.</span> <span class='ocrx_word' id='word_1_170' title='bbox 464 2970 609 3036; x_wconf 81' lang='lat' dir='ltr'>Malalae</span> <span class='ocrx_word' id='word_1_171' title='bbox 630 2968 714 3054; x_wconf 88' lang='lat' dir='ltr'>subj.</span> <span class='ocrx_word' id='word_1_172' title='bbox 734 2990 768 3057; x_wconf 90' lang='grc' dir='ltr'>Ρ.</span> <span class='ocrx_word' id='word_1_173' title='bbox 793 2990 848 3054; x_wconf 92' lang='grc'>71</span> <span class='ocrx_word' id='word_1_174' title='bbox 921 3041 924 3045; x_wconf 43' lang='grc'>,</span> 
     </span>
    </p>
   </div>
   <div class='ocr_carea' id='block_1_11' title="bbox 181 3112 413 3141">
    <p class='ocr_par' dir='ltr' id='par_1_12' title="bbox 181 3112 413 3141">
     <span class='ocr_line' id='line_1_24' title="bbox 181 3112 413 3141; baseline -0.013 0"><span class='ocrx_word' id='word_1_175' title='bbox 181 3112 185 3123; x_wconf 63' lang='grc' dir='ltr'>Ι</span> <span class='ocrx_word' id='word_1_176' title='bbox 207 3127 413 3141; x_wconf 64' lang='lat' dir='ltr'>—u-—n—n-</span> 
     </span>
    </p>
   </div>
   <div class='ocr_carea' id='block_1_12' title="bbox 181 3206 1299 3798">
    <p class='ocr_par' dir='ltr' id='par_1_13' title="bbox 181 3197 1299 3798">
     <span class='ocr_line' id='line_1_25' title="bbox 267 3206 1218 3281; baseline -0.003 -16"><span class='ocrx_word' id='word_1_177' title='bbox 267 3213 289 3281; x_wconf 70' lang='lat'>*)</span> <span class='ocrx_word' id='word_1_178' title='bbox 312 3213 382 3266; x_wconf 85' lang='lat' dir='ltr'>Vide</span> <span class='ocrx_word' id='word_1_179' title='bbox 398 3210 556 3266; x_wconf 81' lang='lat' dir='ltr'>Ruhnkenii</span> <span class='ocrx_word' id='word_1_180' title='bbox 577 3211 628 3281; x_wconf 85' lang='lat' dir='ltr'>Ep.</span> <span class='ocrx_word' id='word_1_181' title='bbox 652 3212 678 3266; x_wconf 81' lang='lat'>4.</span> <span class='ocrx_word' id='word_1_182' title='bbox 703 3210 823 3264; x_wconf 78' lang='lat' dir='ltr'>Alterum</span> <span class='ocrx_word' id='word_1_183' title='bbox 839 3206 951 3264; x_wconf 83' lang='lat' dir='ltr'>schedae</span> <span class='ocrx_word' id='word_1_184' title='bbox 968 3209 1061 3263; x_wconf 82' lang='lat' dir='ltr'>lolium</span> <span class='ocrx_word' id='word_1_185' title='bbox 1076 3207 1218 3262; x_wconf 75' lang='lat' dir='ltr'>abscissum</span> 
     </span>
     <span class='ocr_line' id='line_1_26' title="bbox 201 3297 1299 3373; baseline -0.007 -24"><span class='ocrx_word' id='word_1_186' title='bbox 201 3309 273 3373; x_wconf 82' lang='lat' dir='ltr'>erat,</span> <span class='ocrx_word' id='word_1_187' title='bbox 298 3317 384 3368; x_wconf 89' lang='lat' dir='ltr'>neque</span> <span class='ocrx_word' id='word_1_188' title='bbox 401 3299 618 3369; x_wconf 79' lang='lat' dir='ltr'>reperire&#39;potni.</span> <span class='ocrx_word' id='word_1_189' title='bbox 653 3298 711 3350; x_wconf 72' lang='lat' dir='ltr'>Hae</span> <span class='ocrx_word' id='word_1_190' title='bbox 735 3297 914 3351; x_wconf 80' lang='lat' dir='ltr'>annotationes</span> <span class='ocrx_word' id='word_1_191' title='bbox 932 3306 960 3348; x_wconf 92' lang='lat' dir='ltr'>et</span> <span class='ocrx_word' id='word_1_192' title='bbox 976 3303 1112 3364; x_wconf 74' lang='lat' dir='ltr'>sequentes</span> <span class='ocrx_word' id='word_1_193' title='bbox 1127 3301 1218 3342; x_wconf 81' lang='lat' dir='ltr'>mutn-</span> <span class='ocrx_word' id='word_1_194' title='bbox 1294 3333 1299 3342; x_wconf 93' lang='lat'>.</span> 
     </span>
     <span class='ocr_line' id='line_1_27' title="bbox 184 3370 1290 3452; baseline -0.002 -20"><span class='ocrx_word' id='word_1_195' title='bbox 184 3370 244 3432; x_wconf 38' lang='lat' dir='ltr'>‘tae</span> <span class='ocrx_word' id='word_1_196' title='bbox 267 3400 322 3434; x_wconf 87' lang='lat' dir='ltr'>non</span> <span class='ocrx_word' id='word_1_197' title='bbox 346 3403 399 3436; x_wconf 90' lang='lat' dir='ltr'>uno</span> <span class='ocrx_word' id='word_1_198' title='bbox 423 3386 485 3436; x_wconf 91' lang='lat' dir='ltr'>loco</span> <span class='ocrx_word' id='word_1_199' title='bbox 507 3385 671 3452; x_wconf 87' lang='lat' dir='ltr'>reperiuntur</span> <span class='ocrx_word' id='word_1_200' title='bbox 686 3385 713 3435; x_wconf 90' lang='lat' dir='ltr'>in</span> <span class='ocrx_word' id='word_1_201' title='bbox 737 3385 852 3436; x_wconf 85' lang='lat' dir='ltr'>editione</span> <span class='ocrx_word' id='word_1_202' title='bbox 870 3381 1036 3441; x_wconf 80' lang='lat' dir='ltr'>Callimachi,</span> <span class='ocrx_word' id='word_1_203' title='bbox 1070 3377 1219 3430; x_wconf 81' lang='lat' dir='ltr'>nonnullae</span> <span class='ocrx_word' id='word_1_204' title='bbox 1286 3404 1290 3409; x_wconf 95' lang='lat'>·</span> 
     </span>
     <span class='ocr_line' id='line_1_28' title="bbox 199 3461 1218 3539; baseline -0.001 -21"><span class='ocrx_word' id='word_1_205' title='bbox 199 3468 324 3533; x_wconf 79' lang='lat' dir='ltr'>omissae,</span> <span class='ocrx_word' id='word_1_206' title='bbox 347 3469 412 3522; x_wconf 82' lang='lat' dir='ltr'>aliae</span> <span class='ocrx_word' id='word_1_207' title='bbox 428 3473 485 3523; x_wconf 86' lang='lat' dir='ltr'>sine</span> <span class='ocrx_word' id='word_1_208' title='bbox 500 3470 652 3524; x_wconf 89' lang='lat' dir='ltr'>Ruhnkenii</span> <span class='ocrx_word' id='word_1_209' title='bbox 667 3472 773 3522; x_wconf 87' lang='lat' dir='ltr'>nomine</span> <span class='ocrx_word' id='word_1_210' title='bbox 788 3470 915 3539; x_wconf 79' lang='lat' dir='ltr'>repetitae</span> <span class='ocrx_word' id='word_1_211' title='bbox 932 3479 1000 3520; x_wconf 87' lang='lat' dir='ltr'>sunt.</span> <span class='ocrx_word' id='word_1_212' title='bbox 1045 3461 1099 3514; x_wconf 82' lang='lat' dir='ltr'>Sed</span> <span class='ocrx_word' id='word_1_213' title='bbox 1116 3478 1218 3517; x_wconf 84' lang='lat' dir='ltr'>nomen</span> 
     </span>
     <span class='ocr_line' id='line_1_29' title="bbox 181 3547 1219 3624; baseline -0.002 -21"><span class='ocrx_word' id='word_1_214' title='bbox 181 3553 307 3622; x_wconf 80' lang='lat' dir='ltr'>&#39;quidem</span> <span class='ocrx_word' id='word_1_215' title='bbox 324 3572 398 3606; x_wconf 88' lang='lat' dir='ltr'>suum</span> <span class='ocrx_word' id='word_1_216' title='bbox 415 3556 599 3609; x_wconf 86' lang='lat' dir='ltr'>Ruhnkenium</span> <span class='ocrx_word' id='word_1_217' title='bbox 622 3557 707 3624; x_wconf 82' lang='lat' dir='ltr'>ipsum</span> <span class='ocrx_word' id='word_1_218' title='bbox 732 3555 884 3617; x_wconf 80' lang='lat' dir='ltr'>extinxisse,</span> <span class='ocrx_word' id='word_1_219' title='bbox 908 3555 989 3622; x_wconf 88' lang='lat' dir='ltr'>ipsius</span> <span class='ocrx_word' id='word_1_220' title='bbox 1013 3550 1093 3621; x_wconf 77' lang='lat' dir='ltr'>rerba</span> <span class='ocrx_word' id='word_1_221' title='bbox 1116 3547 1219 3601; x_wconf 83' lang='lat' dir='ltr'>docent</span> 
     </span>
     <span class='ocr_line' id='line_1_30' title="bbox 199 3637 1219 3711; baseline -0.004 -20"><span class='ocrx_word' id='word_1_222' title='bbox 199 3637 397 3709; x_wconf 55' lang='lat' dir='ltr'>(irrepis).</span> <span class='ocrx_word' id='word_1_223' title='bbox 437 3641 471 3692; x_wconf 91' lang='lat' dir='ltr'>Et</span> <span class='ocrx_word' id='word_1_224' title='bbox 493 3644 549 3711; x_wconf 89' lang='lat' dir='ltr'>ipse</span> <span class='ocrx_word' id='word_1_225' title='bbox 570 3644 647 3694; x_wconf 85' lang='lat' dir='ltr'>etiarn</span> <span class='ocrx_word' id='word_1_226' title='bbox 671 3642 862 3694; x_wconf 83' lang='lat' dir='ltr'>observationes</span> <span class='ocrx_word' id='word_1_227' title='bbox 885 3658 944 3692; x_wconf 81' lang='lat' dir='ltr'>snas</span> <span class='ocrx_word' id='word_1_228' title='bbox 966 3639 1086 3693; x_wconf 79' lang='lat' dir='ltr'>remissas</span> <span class='ocrx_word' id='word_1_229' title='bbox 1102 3638 1219 3687; x_wconf 71' lang='lat' dir='ltr'>innuere</span> 
     </span>
     <span class='ocr_line' id='line_1_31' title="bbox 199 3718 1247 3798; baseline -0.006 -20"><span class='ocrx_word' id='word_1_230' title='bbox 199 3736 228 3778; x_wconf 88' lang='lat' dir='ltr'>et</span> <span class='ocrx_word' id='word_1_231' title='bbox 244 3727 344 3778; x_wconf 82' lang='lat' dir='ltr'>auxisse</span> <span class='ocrx_word' id='word_1_232' title='bbox 359 3726 476 3788; x_wconf 79' lang='lat' dir='ltr'>videtur-3</span> <span class='ocrx_word' id='word_1_233' title='bbox 495 3729 564 3797; x_wconf 89' lang='lat' dir='ltr'>quod</span> <span class='ocrx_word' id='word_1_234' title='bbox 580 3729 608 3780; x_wconf 90' lang='lat' dir='ltr'>in</span> <span class='ocrx_word' id='word_1_235' title='bbox 624 3730 678 3781; x_wconf 84' lang='lat' dir='ltr'>vita</span> <span class='ocrx_word' id='word_1_236' title='bbox 694 3729 780 3790; x_wconf 82' lang='lat' dir='ltr'>Arati,</span> <span class='ocrx_word' id='word_1_237' title='bbox 809 3744 885 3795; x_wconf 80' lang='lat' dir='ltr'>quam</span> <span class='ocrx_word' id='word_1_238' title='bbox 902 3727 973 3780; x_wconf 85' lang='lat' dir='ltr'>infra</span> <span class='ocrx_word' id='word_1_239' title='bbox 990 3744 1024 3778; x_wconf 87' lang='lat' dir='ltr'>ex</span> <span class='ocrx_word' id='word_1_240' title='bbox 1039 3722 1101 3791; x_wconf 81' lang='lat' dir='ltr'>ipsis</span> <span class='ocrx_word' id='word_1_241' title='bbox 1119 3718 1219 3772; x_wconf 76' lang='lat' dir='ltr'>Ruhn-</span> <span class='ocrx_word' id='word_1_242' title='bbox 1243 3788 1247 3798; x_wconf 30' lang='grc'>1</span> 
     </span>
    </p>
   </div>
   <div class='ocr_carea' id='block_1_13' title="bbox 93 3792 1217 3880">
    <p class='ocr_par' dir='ltr' id='par_1_14' title="bbox 93 3792 1217 3880">
     <span class='ocr_line' id='line_1_32' title="bbox 93 3792 1217 3880; baseline -0.004 -17"><span class='ocrx_word' id='word_1_243' title='bbox 93 3792 123 3847; x_wconf 47' lang='lat' dir='ltr'><em>ss</em></span> <span class='ocrx_word' id='word_1_244' title='bbox 197 3810 268 3863; x_wconf 81' lang='lat' dir='ltr'>kenii</span> <span class='ocrx_word' id='word_1_245' title='bbox 284 3810 387 3863; x_wconf 84' lang='lat' dir='ltr'>schedis</span> <span class='ocrx_word' id='word_1_246' title='bbox 409 3815 563 3880; x_wconf 87' lang='lat' dir='ltr'>repetimus,</span> <span class='ocrx_word' id='word_1_247' title='bbox 586 3814 723 3866; x_wconf 84' lang='lat' dir='ltr'>manifesto</span> <span class='ocrx_word' id='word_1_248' title='bbox 747 3811 843 3862; x_wconf 86' lang='lat' dir='ltr'>factum</span> <span class='ocrx_word' id='word_1_249' title='bbox 866 3821 912 3862; x_wconf 86' lang='lat' dir='ltr'>est.</span> <span class='ocrx_word' id='word_1_250' title='bbox 954 3811 1032 3864; x_wconf 84' lang='lat' dir='ltr'>Certe</span> <span class='ocrx_word' id='word_1_251' title='bbox 1048 3804 1114 3858; x_wconf 85' lang='lat' dir='ltr'>nihil</span> <span class='ocrx_word' id='word_1_252' title='bbox 1129 3805 1217 3878; x_wconf 77' lang='lat' dir='ltr'>inscio</span> 
     </span>
    </p>
   </div>
   <div class='ocr_carea' id='block_1_14' title="bbox 197 3891 1219 4056">
    <p class='ocr_par' dir='ltr' id='par_1_15' title="bbox 197 3891 1219 4056">
     <span class='ocr_line' id='line_1_33' title="bbox 199 3891 1219 3972; baseline -0.003 -24"><span class='ocrx_word' id='word_1_253' title='bbox 199 3896 356 3949; x_wconf 83' lang='lat' dir='ltr'>Ruhnkenio</span> <span class='ocrx_word' id='word_1_254' title='bbox 374 3897 480 3951; x_wconf 88' lang='lat' dir='ltr'>Ernesti</span> <span class='ocrx_word' id='word_1_255' title='bbox 495 3902 603 3953; x_wconf 80' lang='lat' dir='ltr'>mutavit</span> <span class='ocrx_word' id='word_1_256' title='bbox 625 3909 671 3952; x_wconf 87' lang='lat' dir='ltr'>aut</span> <span class='ocrx_word' id='word_1_257' title='bbox 696 3896 810 3959; x_wconf 77' lang='lat' dir='ltr'>omissit3</span> <span class='ocrx_word' id='word_1_258' title='bbox 839 3899 934 3952; x_wconf 74' lang='lat' dir='ltr'>omnia·</span> <span class='ocrx_word' id='word_1_259' title='bbox 943 3898 1014 3951; x_wconf 79' lang='lat' dir='ltr'>enim</span> <span class='ocrx_word' id='word_1_260' title='bbox 1029 3893 1064 3948; x_wconf 77' lang='lat' dir='ltr'>ed</span> <span class='ocrx_word' id='word_1_261' title='bbox 1079 3892 1157 3972; x_wconf 78' lang='lat' dir='ltr'>illum</span> <span class='ocrx_word' id='word_1_262' title='bbox 1172 3891 1219 3946; x_wconf 84' lang='lat' dir='ltr'>hie</span> 
     </span>
     <span class='ocr_line' id='line_1_34' title="bbox 197 3984 656 4056; baseline 0.009 -22"><span class='ocrx_word' id='word_1_263' title='bbox 197 3984 286 4048; x_wconf 71' lang='lat' dir='ltr'>nisit,</span> <span class='ocrx_word' id='word_1_264' title='bbox 308 3995 339 4036; x_wconf 88' lang='lat' dir='ltr'>ut</span> <span class='ocrx_word' id='word_1_265' title='bbox 354 3986 424 4056; x_wconf 75' lang='lat' dir='ltr'>typis</span> <span class='ocrx_word' id='word_1_266' title='bbox 440 3987 656 4041; x_wconf 81' lang='lat' dir='ltr'>exscriberentur.</span> 
     </span>
    </p>
   </div>
   <div class='ocr_carea' id='block_1_15' title="bbox 0 0 1318 4524">
    <p class='ocr_par' dir='ltr' id='par_1_16' title="bbox 0 0 1318 4524">
     <span class='ocr_line' id='line_1_35' title="bbox 0 0 1318 4524; baseline 0 3"><span class='ocrx_word' id='word_1_267' title='bbox 0 0 1318 4524; x_wconf 95' lang='lat' dir='ltr'> </span> 
     </span>
    </p>
   </div>
  </div>
 </body>
</html>
