2626 4524
462 289 1238 386 .,Ι,,,,,,,,,·. 67.

83 447 172 511 nisi
200 396 429 543 praecipiendi
454 426 580 530 partes,
610 444 777 525 nimirum
794 460 833 513 ut
852 449 973 538 aliquis
996 477 1126 538 sorum,
1165 512 1168 517 .
1251 432 1254 453 Ζ

20 594 27 602 ,
104 548 166 634 qui
188 545 268 611 tibi
289 567 426 633 operam
448 545 544 626 dant,
567 569 642 612 eam
664 549 845 628 iatronem,
873 575 975 638 quam
1003 558 1100 623 'ru
1089 585 1126 637 ιιι

106 648 255 718 docenda
275 649 404 715 Graeca
424 649 559 736 Lingua
579 652 667 716 etin
631 653 887 740 mexplicando
910 657 1125 749 Xenophon·

104 755 147 819 tis
170 752 314 827 libello
304 775 340 816 ιιι
361 752 556 844 studiosae
543 755 726 836 juventutis
755 760 969 825 commodum
992 765 1049 828 abs
1071 768 1124 834 Te

11 848 14 855 ’
103 857 192 920 edito
214 855 306 940 sequi
325 876 425 930 amas,
448 856 852 946 singillatim'cxpositam
875 885 1009 936 meeum
1029 889 1124 934 coma

73 1022 78 1039 ,
103 981 276 1025 manicare
303 959 400 1024 velita
429 959 471 1023 In
501 981 568 1044 quo
596 961 624 1025 si
635 962 736 1025 velis
765 985 804 1027 ac
832 965 938 1052 possis
960 968 1124 1039 desiderio
1146 1008 1162 1026 -·
1188 949 1192 961 Ι

102 1084 179 1128 meo
199 1061 404 1142 satisfacere,
425 1083 594 1151 magnam
604 1084 625 1127 a
645 1084 701 1126 me
722 1062 822 1149 inibis·
842 1068 994 1150 gratiam.
1000 1076 1122 1192 Vale,
1199 1087 1207 1137 .·
1274 1126 1278 1137 .

102 1166 170 1295 Vir.
197 1165 403 1245 Clarissima,
432 1167 493 1234 sat
522 1189 588 1255 την
615 1160 704 1257 ἕμην
732 1145 940 1284 ιιαρῤηιίαν
967 1170 1122 1262 εὐμενῶς

100 1232 219 1354 διχιιυ.
263 1265 398 1356 Scripsi
410 1267 530 1356 Tiguri
545 1268 812 1335 Helvetiorum
800 1269 882 1422 ipsis
902 1275 993 1341 Non.
1007 1277 1120 1369 April

50 1468 52 1473 Α
98 1373 147 1439 A
169 1373 213 1438 R
236 1371 268 1436 S.
289 1369 560 1442 MDCOXLVI.
690 1376 696 1396 '
904 1410 907 1415 ·

86 1502 88 1511 ·
183 1473 333 1540 Primam
354 1473 467 1541 Musei
488 1473 661 1542 Helvetios
673 1476 893 1563 particulam
921 1502 1023 1568 quam
1044 1483 1120 1551 Ve-
1171 1534 1184 1561 f

96 1598 168 1644 ner.
190 1575 486 1642 Zimmermannus
508 1589 541 1641 et
562 1599 622 1664 ego
643 1578 808 1645 instruere
829 1587 973 1669 aggressi
992 1606 1119 1673 smnus,

43 1700 48 1711 “
97 1690 131 1744 et
153 1699 254 1762 quam
275 1679 367 1744 idem
380 1676 552 1750 Locherus
567 1679 646 1753 Tibi
669 1703 745 1746 meo
759 1685 898 1752 nomine
911 1688 1118 1773 offeretis*

96 1781 200 1868 aigne
221 1788 255 1847 et
274 1796 380 1871 aequo
401 1781 515 1849 animo
537 1783 684 1870 excipias
703 1784 819 1855 velim.

502 2005 710 2023 Ἥ

446 2163 625 2236 EPIST.
648 2164 769 2242 XXV.
796 2108 798 2113 Ι

320 2356 440 2399 carlito
462 2350 568 2403 arque
582 2346 778 2426 Ιιιιιιιιιιιιιο
801 2352 888 2414 vnto,

381 2490 440 2544 ιο.
468 2488 570 2546 ano.
599 2433 812 2569 saunari,

63 2656 66 2663 '
134 2639 370 2702 Humanarum
390 2639 507 2702 litter.
529 2638 625 2725 opud
642 2641 736 2719 Lips.
757 2639 904 2719 Proseis.
926 2640 1059 2722 (ἀμίαι.

172 2776 176 2785 ’
416 2764 420 2771 ’
542 2750 573 2852 ι.
591 2799 621 2852 ι.
642 2799 677 2852 ιι.

270 2954 322 3013 ΙΟ.
346 2950 544 3010 lacoBth
565 2951 923 3047 BREITJNGERUS.

519 3100 685 3118 *-

87 3180 340 3337 Quanquam
339 3240 385 3286 ex
391 3217 487 3307 lage
522 3216 699 3287 vaferrimi
725 3218 844 3310 po'e‘tas
879 3220 979 3288 etiam
1009 3229 1108 3304 atquc

87 3333 188 3386 etiam
216 3301 466 3410 adspicientium
494 3321 556 3405 sit,
595 3316 696 3410 quem
723 3324 779 3388 cui
807 3321 1038 3398 commendes,
1076 3337 1107 3390 et

84 3423 176 3490 hanc
197 3425 420 3492 reverentiam
437 3436 515 3491 tuae
534 3425 738 3493 humanitati
761 3424 873 3492 deberi
887 3446 1048 3508 censeam,
1069 3438 1106 3493 ut

16 3526 19 3535 '
85 3549 126 3591 ea
147 3547 216 3590 non
237 3524 279 3595 sit
298 3528 496 3615 promiscuis
518 3528 861 3621 commendationibus
882 3527 1107 3617 proferendas

83 3652 124 3696 ea
151 3641 264 3695 tamen
294 3642 342 3696 est
371 3629 528 3699 Nominis
557 3633 608 3700 tui
638 3612 728 3722 apud
756 3654 817 3697 nos
851 3631 1038 3713 celebritas,
1068 3646 1106 3698 ut

84 3732 277 3821 quicunque
296 3732 489 3800 Litsrarum
510 3758 579 3803 non
601 3736 739 3802 omnino
761 3747 915 3823 expertes
937 3735 978 3802 de
991 3735 1106 3824 Lipsia

12 3839 15 3847 '
83 3845 193 3899 vestra
224 3834 377 3903 adeunda
405 3838 618 3924 cogitationes
654 3838 855 3927 suscipiunt,
877 3836 913 3902 id
953 3839 1105 3926 primum

29 4021 33 4028 =
81 3935 147 4004 sibi
167 3938 290 4027 negotii
312 3937 430 4008 datum
451 3963 522 4007 esse
542 3943 695 4025 credam,
721 3955 759 4008 ιιι
780 3961 979 4029 quacunque
996 3942 1104 4008 ratio·
