2626 4524
158 427 291 480 omnes·
300 409 552 517 protestantium
581 414 733 480 scholas
737 394 953 503 pervagatur·
981 394 1044 499 lroc
1071 418 1172 504 igitnr

69 566 72 571 ,
156 539 233 587 cum
256 517 398 595 videret,
422 499 547 578 scholas
567 515 735 602 professus
758 529 805 582 est
818 542 853 582 ιιι
868 519 1170 591 Chrestomsthiam
1235 534 1239 542 '

149 618 359 709 patristicam
382 641 401 683 a
422 619 545 703 Burgio
569 621 707 701 editam,
731 622 772 686 ad
794 644 913 707 easque
931 616 1175 710 elegantissime
1249 670 1253 677 -

153 724 276 809 scripto
298 733 542 808 programmate
564 722 701 805 juvenes
725 724 884 790 invitavit.
935 712 1166 814 Nequiquam:

153 839 215 893 nec
235 828 328 913 enim
350 826 480 890 hebetes
501 837 628 890 mentes
650 828 737 892 hanc
759 827 938 911 elegantiae
957 829 1029 892 vim
1050 834 1169 917 caper'e

152 943 315 1029 poterant.
368 929 484 1013 Itaque
507 928 581 992 data
602 929 772 993 occasione
792 931 1010 995 sacerdotium
1032 933 1168 998 Gestat·-

153 1035 252 1098 dense
279 1044 394 1097 nactus
424 1052 482 1094 rus
510 1033 678 1121 concessit
722 1032 854 1099 Verum
884 1055 949 1118 quo
969 1035 1042 1099 loco
1063 1037 1168 1101 voluti
1234 1092 1238 1107 ,

142 1133 613 1223 ἰιιιιιᾳιιῙΙΙιιιιιῚιοιιθιιὶὲεὶιιιί
635 1135 693 1199 osii
714 1149 849 1224 portum
871 1135 1007 1201 subiisse
1030 1130 1168 1203 videba-

52 1316 54 1321 Ι
148 1252 224 1318 tur,
254 1239 299 1303 ibi
327 1237 495 1321 majorum
521 1244 678 1310 curarum
707 1239 1034 1325 sollicitudinumque
1046 1237 1167 1307 'flucti-

149 1342 212 1407 bus
234 1342 371 1428 agitatus
393 1349 451 1403 est.
501 1336 592 1405 Narin
619 1343 724 1423 homn¹
749 1355 907 1408 venustus
934 1341 993 1428 qui
1014 1340 1166 1413 decesso-

149 1456 400 1519 remanorum
425 1441 616 1509 barbariem
646 1446 739 1531 sequi
766 1447 882 1524 nollet,
904 1467 982 1509 cum
1002 1432 1165 1529 quaedam

148 1550 190 1614 ab
210 1548 353 1614 inimicis
376 1545 476 1610 etiarn
498 1546 681 1611 discordiae
702 1531 827 1615 sernina
840 1551 1082 1635 spargerentur,
1101 1570 1164 1640 ru·

149 1652 307 1725 sticarum
335 1647 523 1712 animarum
550 1648 727 1716 conciliare
754 1651 817 1716 sibi
839 1673 988 1714 amorem
1009 1672 1085 1730 non>
1101 1671 1164 1740 po-

135 1753 220 1849 tuit.
268 1751 319 1816 Ita
345 1749 402 1814 illa
429 1750 634 1838 vis'ingenii
660 1770 738 1833 nata
766 1755 927 1839 juvenum
954 1753 1093 1838 ingeniis
1123 1742 1165 1818 ad

147 1855 321 1922 literarum
347 1853 591 1921 'humanitatem
612 1847 805 1936 erudiendis
833 1881 919 1939 curn¹
940 1857 1059 1942 agresti
1080 1855 1163 1921 feri-

146 1969 214 2024 tate
243 1944 431 2024 conflictari*
454 1972 555 2045 seque
582 1961 661 2049 ipsa
676 1962 841 2028 'conficere
876 1961 1014 2049 cogitur.
1072 1956 1163 2023 Huic

145 2061 221 2157 Tu,
243 2061 382 2126 siluam
403 2062 609 2131 veluntatem
633 2065 814 2147 addixeris,
843 2065 987 2131 servabis
1015 2061 1164 2128 erudito·
1213 2146 1222 2152 .

144 2186 225 2230 rum
245 2164 372 2245 ciuitati
391 2165 565 2230 hominem
587 2167 710 2254 insigni
731 2181 950 2257 accurateque
971 2166 1164 2230 ditinarnm

146 2278 267 2332 rerum
291 2264 584 2354 humanarumque
612 2268 749 2334 scientia
782 2281 815 2333 et
844 2270 947 2354 plane¹
976 2269 1017 2332 ad
1044 2267 1163 2332 Tuum
1254 2274 1273 2345 f

55 2380 59 2395 '
118 2447 122 2457 Ι
144 2370 344 2454 exemplum
366 2370 591 2462 conformata,
615 2368 677 2434 Gr.
696 2392 776 2434 vero
797 2371 1063 2456 Latinarumque
1084 2371 1160 2434 lite'-

145 2495 264 2537 rarum
284 2473 444 2539 interiore
464 2474 647 2561 cognitione
665 2475 864 2540 instructum
879 2473 1160 2560 interpretemque

53 2638 56 2647 ,
144 2574 443 2666 subtilem,.purae
463 2575 604 2662 denique
632 2575 854 2664 elegantisque
883 2576 1004 2640 latinae
1034 2575 1160 2641 oratio-

142 2678 194 2745 nis
222 2677 377 2745 facultate
404 2680 485 2745 adeo
512 2692 749 2766 praestantem,
776 2693 815 2746 ut
835 2679 956 2746 intuta
978 2676 1161 2744 Germania

145 2782 202 2866 qui
226 2782 362 2874 quidem
382 2783 461 2868 Tibi
477 2783 551 2854 ,linc
570 2784 675 2866 laude
703 2784 842 2851 similior
862 2783 904 2849 sit
925 2783 1028 2848 seiam
1050 2781 1160 2847 omni·

145 2906 189 2949 no
210 2886 392 2950 neminem
1154 2873 1157 2877 ’

143 3106 146 3112 ’
216 3074 325 3152 'Alter
346 3098 403 3181 est}
415 3082 617 3175 Wagnern's
631 3083 832 3176 'Ictus-'apud
852 3085 983 3151 eosdem
996 3082 1160 3150 Marbur-

144 3211 270 3276 genses.
295 3190 380 3256 'Hic
408 3212 486 3256 cum
513 3192 555 3255 nb
581 3194 717 3257 ineunte
737 3204 841 3257 aetate
861 3188 982 3283 insigni
1002 3184 1064 3249 Gr.
1085 3185 1161 3248 Ro-

143 3308 392 3379 munerumque
420 3295 593 3360 literarum
621 3291 796 3381 percussus
827 3302 909 3358 esset
930 3312 1061 3369 amore,
1081 3308 1160 3353 eum
1255 3304 1258 3309 ’

145 3416 217 3459 ιιοιι
245 3397 411 3495 deposuit
418 3404 638 3503 posteaquam
662 3391 945 3484 lurisprudentiae
979 3374 1088 3458 studio
1124 3412 1160 3455 se

146 3496 251 3563 dedit·
284 3501 340 3564 sed
364 3499 412 3566 ita
431 3501 611 3585 utriusque
629 3485 834 3586 disciplinae
863 3496 1035 3583 conjunxit
1053 3495 1159 3560 ratio-

144 3620 244 3680 nem,
276 3612 315 3665 ut
341 3602 369 3664 si
397 3601 450 3666 Te
476 3604 673 3687 magistrum
692 3612 807 3667 nactus
828 3599 959 3699 fuisset,
981 3600 1032 3664 ad
1044 3595 1159 3664 Bachii
1239 3601 1248 3623 ⁴

144 3701 216 3767 ‘rui
237 3686 471 3790 praestantiam
492 3728 639 3770 creseere
659 3707 826 3792 potuisset.
856 3688 942 3770 Sed
939 3702 1048 3768 nescio
1071 3720 1159 3783 quo

144 3824 227 3870 nem
248 3805 319 3890 eju's
339 3804 408 3871 fato
429 3805 555 3873 factum
577 3831 646 3873 esse
666 3808 773 3874 dicam
800 3814 838 3873 u't
866 3805 1015 3872 infaustis
1042 3799 1158 3888 auspi-

146 3906 272 3974 enain
300 3910 469 3998 publicam
493 3881 602 3980 lucem
622 3911 782 4001 prodiret.
828 3912 919 3979 Nam
948 3926 1026 3972 cum
1046 3905 1159 3991 aliquo
1180 3928 1183 3934 ·
