2626 4524
1170 160 1183 202 l

98 459 100 463 Α
121 428 322 515 geonsuium
343 427 384 493 se
404 427 553 512 assesso
573 428 686 495 nne
704 427 891 494 asses-nno.
926 427 995 494 *nst
1008 397 1181 497 nerisca-³

148 535 226 600 satis
248 532 385 612 obvius,
414 544 448 597 et
475 554 583 618 nuper
604 531 791 598 Florentiae
811 552 957 596 recusus
1001 504 1162 698 (maron

149 637 260 729 potius
291 634 456 700 adduntur
476 634 609 703 Scholia
637 635 771 713 minora
810 631 852 696 ad
880 631 982 697 fidem
1011 648 1029 697 'e
1091 651 1177 701 oms'

148 737 302 805 Lascaris
324 749 357 804 et
360 735 517 803 aliarum
539 737 715 826 castigata?
734 723 835 822 Quod
853 757 909 799 me
925 736 964 800 ad
974 736 1165 802 Homerum
1199 766 1211 796 ι.
1270 800 1272 804 .

151 841 341 908 ornandum
360 862 478 922 vocas,
496 840 534 936 in
556 864 595 906 eo
617 860 757 928 agnosco
778 837 1020 933 humanitatem
1041 839 1165 907 Tuam.
1249 908 1255 919 ,

151 945 318 1031 Equidem
346 956 475 1009 certum
504 956 536 1008 et
561 958 777 1033 perpetuum,
809 928 855 1007 ιιι
869 962 967 1030 spero
974 989 984 1022 ,
1018 945 1166 1010 nominis
1228 962 1231 980 ¹

77 1110 80 1117 .
151 1050 218 1115 mei
238 1046 442 1115 domicilium
458 1045 499 1135 in
520 1046 657 1112 Platone
680 1045 822 1109 habebo:
842 1044 877 1109 in
895 1066 995 1130 quem
1012 1057 1043 1110 et
1058 1046 1166 1137 Scho·
1255 1032 1259 1040 ¹

148 1151 269 1221 liasten
298 1143 494 1220 a’rs'nlorov
521 1161 553 1214 et
580 1160 758 1237 perpetuas
787 1147 1092 1228 animadversiones
1112 1175 1166 1216 se-

152 1256 296 1341 paratim
311 1255 416 1320 edam.
460 1251 655 1335 scholiastes
674 1250 738 1333 ille,
760 1248 992 1341 Aristophanis
1008 1264 1040 1317 et
1053 1255 1169 1344 Apol·

153 1358 239 1424 lonii
273 1355 510 1445 Interprenhus
543 1351 679 1430 similis,
698 1422 704 1433 ¹
724 1356 873 1421 ¹multum
893 1432 895 1437 Ι
912 1379 1014 1446 supra
1049 1358 1169 1446 vulgus
1218 1348 1221 1355 ¹

156 1459 462 1535 Grammaticorum
484 1458 584 1546 sapit,
613 1470 645 1524 et
673 1469 744 1524 tam
770 1459 1180 1541 reconditae-eruditionis.
1275 1522 1280 1534 ,

109 1929 111 1935 .
158 1873 278 1958 quibus
301 1871 394 1937 editis
415 1893 545 1936 novum
567 1868 702 1936 Graecis
723 1871 824 1937 literis
852 1873 968 1938 lumen
995 1875 1174 1944 oboriatur.

62 1992 71 2001 “·
156 1975 311 2045 Homero
332 1975 516 2061 absoluto,
524 1975 576 2040 Te
598 1973 641 2038 ad
664 1973 846 2063 Iosephum
866 1976 1052 2049 rediturum
1070 1972 1207 2044 vehe?
1262 2032 1264 2036 .

158 2092 289 2147 menter
296 2080 446 2169 ‘gaudeo
488 2079 565 2167 Ipse
586 2077 741 2144 Codicem
757 2079 971 2146 Albertinum
990 2103 1069 2146 cum
1089 2082 1176 2149 edito

160 2183 410 2270 diligentissime
438 2183 660 2250 committam.
691 2181 767 2268 qui
776 2182 871 2249 labor
898 2183 983 2249 mihi
1010 2185 1176 2268 jucundus

160 2285 296 2354 futurus
323 2299 372 2353 est
400 2286 595 2376 cogitatione
623 2285 690 2352 Γ
657 2309 703 2351 ιιι
755 2286 868 2354 Velim
897 2298 1025 2353 tamen
1036 2287 1177 2372 Iosepho

142 2391 209 2456 xita
236 2412 374 2477 operam
402 2412 521 2469 naves,
556 2400 595 2453 ut
620 2409 795 2474 nunquam
825 2398 868 2453 c‘x
897 2390 998 2455 oculis
1034 2389 1179 2457 dimittas

107 2535 110 2539 -
162 2493 436 2582 Xenophontem.
479 2494 591 2559 Nemo
610 2490 710 2564 hodie
731 2505 797 2572 est,
811 2480 878 2581 ¹qui
898 2492 1018 2560 melius
1032 2493 1083 2558 Te
1096 2494 1180 2559 Mu-

163 2618 236 2663 sam
262 2595 412 2685 Atticam
431 2619 557 2669 ornare
578 2607 695 2685 posset.
720 2595 961 2664 .Valkena1ius
984 2616 1092 2685 nuper
1112 2621 1181 2685 pu·
1198 2588 1204 2599 ⁸

161 2700 245 2770 bliee
273 2700 421 2791 scripsit,
429 2697 595 2790 Agesilai
612 2699 756 2776 Vitam,
790 2721 875 2785 quae
904 2698 1000 2765 nobis
1028 2701 1181 2769 omnibus

93 2840 103 2859 ·
164 2805 310 2872 adh-uo
298 2828 337 2869 ιιι
367 2802 489 2870 deliciis
519 2800 600 2884 fuit,
629 2825 701 2868 non
728 2802 964 2891 Xenophontis
992 2827 1060 2869 esse
1088 2828 1182 2893 opus,

166 2909 224 2975 aed
244 2908 409 2975 insulsum
421 2906 643 2993 nugacissimi
664 2905 878 2993 sophistae,
872 2909 945 2994 qui
972 2908 1183 2994 Xenophon-

98 3028 102 3035 *
166 3013 210 3078 tis
232 3035 358 3078 nomen
378 3010 569 3087 mentiatur,
590 3023 827 3078 commentum.
871 3013 1027 3099 spuriam
1051 3033 1184 3098 quoque
1295 3034 1298 3040 ·

165 3114 292 3202 judicat
312 3115 516 3204 Apologiam
536 3114 699 3195 socratis,
712 3124 995 3202 et··quaccunque
1015 3115 1052 3180 in
1073 3115 1185 3204 Cyro-

166 3219 292 3309 psedia'
313 3219 470 3307 leguntur
498 3219 540 3284 ad
571 3217 675 3284 finem
696 3241 802 3306 usque
820 3233 898 3308 post
918 3218 1020 3284 verba
1040 3220 1101 3288 καὶ
1122 3209 1184 3288 0:⁰1⁴

159 3347 236 3400 aas
257 3314 482 3416 ἐτελεύτησεν
501 3344 536 3411 p.
554 3321 627 3389 258.
648 3323 699 3390 ed.
719 3323 901 3389 Leunclav.
927 3344 1119 3408 quanquam
1143 3326 1184 3391 de
1224 3400 1227 3409 ¹

60 3490 63 3494 ,
168 3422 224 3490 hia
244 3426 403 3492 nondum
416 3448 517 3492 ausus
538 3438 588 3492 est
608 3426 740 3516 publice
763 3426 958 3492 sententiam
981 3426 1100 3493 dicere.

150 3563 154 3567 ·
254 3528 310 3594 Da
334 3530 459 3597 Heinio
486 3529 537 3596 bis
563 3522 725 3619 terve'ad
753 3531 804 3596 Te
830 3531 955 3619 scripsi.
1008 3533 1070 3599 Sed
1099 3533 1184 3598 nihil

167 3610 320 3722 responsi
347 3633 431 3714 tuli
459 3612 758 3703 Roterodamenses
776 3634 880 3700 avide
912 3648 1103 3724 exspectant
1131 3658 1186 3700 se·

171 3839 324 3906 editionis
346 3839 481 3920 Catulli,
502 3841 643 3926 tibulli,
665 3829 832 3950 Propertii
852 3867 968 3911 curam
988 3842 1039 3909 illi
1060 3840 1190 3911 deserte

169 3945 315 4033 cupiunt

44 1646 48 1653 ἡ
153 1564 351 1630 thesaurum
372 1562 486 1642 affert,
506 1572 545 1625 ut
564 1561 636 1647 ipse
655 1560 928 1646 Hemsterhusius
949 1559 1108 1639 fateatur,
1137 1589 1172 1630 se
1279 1620 1282 1625 .

131 1670 198 1732 ab
227 1671 296 1750 ejus
329 1666 472 1735 lectione
504 1686 690 1750 nunquam
707 1665 770 1730 nisi
801 1665 979 1747 doctiorem
1011 1668 1171 1734 recedere.
1242 1659 1246 1667 ’

157 1769 225 1835 Sed
240 1769 355 1853 habeo
384 1764 490 1833 niulto
525 1769 622 1855 plura
659 1767 826 1855 quantivis
855 1770 954 1858 pretii
987 1763 1173 1851 desudata,
1289 1758 1294 1769 ’

70 3786 73 3790 -
135 3737 294 3832 ¹onndas
318 3733 389 3822 ejus
409 3759 504 3803 curas
526 3737 562 3803 in
583 3739 788 3836 Epictetum.
827 3738 1056 3805 Luchtmanni
1077 3760 1188 3804 novae
1256 3730 1267 3772 ²
