2626 4524
580 305 791 332 mun·
1149 277 1196 346 85
1289 342 1293 347 .

145 437 147 441 ’
176 452 212 505 ut
233 459 312 507 cum
332 426 474 504 habeam
496 457 580 522 quae
599 459 680 502 vere
701 437 808 502 dicam
829 438 869 504 iis
889 438 1012 522 relictis
1032 439 1073 504 ad
1095 461 1195 506 meu·

128 540 153 563 ·’
175 542 308 609 dacium
328 541 533 608 descendam.
642 541 714 625 Ego
735 563 817 605 vero
847 543 1118 628 quotiescumque
1140 546 1193 610 vel

146 649 149 654 ’
174 644 248 732 ipse
269 644 436 710 doctrinae
456 654 533 708 tuae
554 643 750 713 suavitatem
772 644 940 733 percipioz
958 647 1107 734 percipio
1130 669 1192 712 au-

174 761 244 813 tem
264 746 468 835 saepissime:
498 759 556 812 aut
577 746 755 836 discipulos
775 770 866 813 meos
895 749 936 812 ad
962 748 1108 831 ejusdem
1136 773 1192 815 sa-

174 850 338 939 lubritatis
359 846 467 914 fontes
488 849 634 942 adduco,
664 851 760 916 toties
790 860 822 916 et
844 849 923 914 Tibi
944 852 1070 916 auctori
1091 853 1192 937 hujus

174 953 325 1019 beneficii
346 952 504 1018 interiore
526 954 671 1037 quodam
691 953 811 1019 mentis
838 974 937 1017 sensu
968 954 1087 1039 gratias
1119 977 1191 1040 ago,

174 1057 325 1142 mihique
350 1055 421 1142 ipse
448 1055 577 1140 gaudeo
610 1056 698 1142 quod
722 1079 766 1121 >eo
792 1047 925 1140 ingenio
954 1055 1019 1123 sim
1046 1069 1084 1122 ut
1107 1056 1192 1122 bona
1300 1047 1303 1052 ’

173 1171 233 1225 tua
254 1181 331 1224 cum
354 1179 530 1241 agnoscere
550 1158 677 1246 possim
707 1170 783 1224 tum
802 1158 872 1224 frui
894 1159 995 1222 etiam
1016 1159 1055 1223 iis
1077 1159 1191 1223 velim.
1244 1228 1255 1235 ,

174 1261 219 1327 Et
241 1285 318 1327 cum
340 1261 542 1347 Germaniae
562 1252 862 1347 nostrae'gratulor
882 1261 923 1326 de
943 1261 995 1326 Te
1015 1272 1107 1327 tanto
1130 1262 1191 1326 do·
1258 1346 1260 1350 Α

176 1377 267 1430 ctore
288 1364 482 1448 vindicequc
502 1363 789 1449 litera1·um„tum
810 1364 957 1448 ejusdem
978 1375 1100 1431 sortem
1123 1365 1191 1429 mi·
1289 1370 1294 1391 ⁸

175 1487 269 1532 seror
299 1489 376 1532 cum
404 1464 474 1545 ejus
500 1489 557 1533 me
577 1469 738 1556 temporis
763 1469 915 1553 cogitatio
936 1467 1024 1532 subit
1045 1490 1110 1553 quo
1132 1480 1189 1533 tna
1279 1540 1283 1549 ¹

174 1569 249 1635 luce
277 1568 457 1632 carendum
484 1571 516 1634 ei
545 1572 618 1638 erit.
666 1573 729 1638 Sed
755 1573 838 1637 haec
866 1569 1001 1655 quidem
1032 1567 1126 1640 θεῶν
1148 1569 1188 1638 ἐν

175 1665 326 1759 γούνασι
339 1674 463 1737 κεῖται.
555 1673 619 1738 Sed
634 1697 711 1739 cum
725 1686 757 1738 te
772 1676 863 1740 Deus
876 1671 969 1737 velut
980 1671 1187 1762 hierophan-

175 1785 248 1839 tem
266 1785 365 1858 atque
385 1771 563 1839 antistitem
584 1776 750 1851 bonarum
769 1776 945 1843 literarum
965 1776 1000 1840 in
1021 1777 1073 1841 his
1091 1777 1188 1843 terris

175 1875 345 1964 posuerit,
374 1887 471 1940 tuum
500 1891 564 1959 est,
592 1880 725 1947 Ernesti
750 1877 1042 1969 praestantissime,
1065 1877 1219 1962 doctri,

174 2000 239 2045 nac
259 1977 369 2043 lucem
389 2002 459 2045 non
480 1993 610 2047 tantum
631 2007 714 2051 voce
735 1996 767 2049 et
787 1982 917 2069 scriptis
937 2001 1107 2069 spargere,
1135 1980 1192 2044 sed

83 2102 88 2107 ·
176 2104 232 2146 eos
253 2082 353 2148 etiam
374 2082 505 2167 quibis
526 2085 627 2152 saeris
648 2085 769 2153 initiati
790 2097 867 2152 sunt
881 2085 1059 2150 liberaliter
1071 2106 1190 2148 ornare

175 2195 210 2248 et
229 2207 249 2248 a
264 2183 486 2270 profanorum
503 2185 631 2252 invidia
646 2190 878 2270 contemtuque
892 2185 1073 2249 vindicare.
1095 2185 1190 2269 Qua·
1229 2190 1236 2206 ‘

172 2309 220 2353 re¹
235 2308 331 2373 spero
353 2302 498 2351 menon
519 2289 626 2353 solum
651 2288 745 2354 facile
766 2289 901 2354 veniam
922 2310 942 2350 a
955 2287 1008 2351 Te
1027 2287 1191 2372 impetra·
1307 2272 1311 2295 '

176 2400 308 2467 turum,
331 2387 387 2452 sed
407 2402 540 2472 gratum
561 2391 640 2455 Tibi
660 2391 759 2456 etiam
780 2389 965 2460 facturum,
987 2389 1017 2452 si
1038 2388 1107 2451 duo
1128 2410 1191 2452 ex-

177 2490 328 2555 cellentia
355 2511 441 2576 quae
460 2480 615 2558 fortunae
637 2493 780 2583 quadam
800 2491 973 2576 iniquitate
993 2491 1031 2557 in
1051 2491 1192 2568 obscuro

176 2594 280 2660 latent
299 2591 433 2680 ingenia
452 2594 490 2662 in
512 2596 588 2662 Tua
610 2595 728 2663 notitia
747 2595 999 2685 cognitioneque
1020 2615 1172 2685 posuero.

264 2796 418 2869 Primum
449 2802 492 2869 de
516 2805 542 2870 Ι.
574 2800 694 2872 Christ.
724 2803 855 2890 Bangio
881 2805 988 2871 dicam
1016 2801 1193 2869 Gosfeldae
1304 2836 1309 2860 =

107 2928 111 2935 ·
176 2900 214 2965 in
247 2922 328 2986 agro
354 2892 586 2994 Maiburgensi
620 2908 798 2975 sacerdote.
868 2908 959 2975 Huic
992 2922 1196 2994 quamquam·

82 2999 85 3005 ’
179 3026 352 3090 uunquam
373 3009 509 3094 contigit
530 3022 567 3075 ut
586 3012 664 3078 'l'ua
681 3032 764 3077 voce
784 3010 968 3085 frueretur,
990 3031 1121 3099 semper
1141 3021 1195 3074 ta·
1221 3060 1231 3092 ,
1258 3080 1260 3083 ,

177 3128 258 3172 men
279 3109 389 3177 studio
408 3111 581 3179 voluntate
608 3128 641 3180 et
661 3136 816 3181 sermone
840 3135 966 3180 nomen
987 3136 1088 3179 suum
1108 3113 1197 3177 inter

177 3208 368 3295 disciplinae
387 3213 484 3278 Tuae
505 3216 657 3284 alumnos
677 3217 847 3307 professus
877 3229 935 3282 est.
986 3216 1087 3301 Quod
1116 3215 1196 3302 qui·
1263 3239 1267 3245 ·
1294 3299 1298 3307 Ι

179 3313 311 3376 dem
285 3338 322 3379 ει
342 3313 418 3431 quis
448 3318 533 3383 alius
560 3319 645 3402 juste
670 3340 818 3407 vereque
841 3318 1011 3386 faciebat.
1033 3319 1084 3384 Ita
1105 3318 1197 3386 euim

179 3414 235 3479 'l'e
255 3439 299 3481 ex
319 3396 449 3506 scriptis
470 3421 535 3485 tuis
557 3422 836 3509 amplectebatur
856 3422 904 3488 ita
924 3421 960 3486 in
982 3424 1086 3488 oculis
1106 3421 1197 3519 fere·

179 3516 265 3594 bat,
260 3517 328 3583 ita
355 3519 441 3585 Tuis
468 3523 613 3610 vestigiis
639 3525 823 3605 insistebat,
853 3537 891 3589 ut
918 3525 1009 3602 baud
1028 3526 1133 3592 sciam
1153 3514 1197 3588 au

178 3640 281 3685 nemo
303 3642 465 3706 umquam
479 3637 548 3692 tam
564 3650 742 3714 germanus
759 3628 827 3694 Tui
848 3628 1028 3715 discipulus
1043 3651 1085 3693 ex
1101 3626 1198 3692 scho-

178 3722 216 3787 la
237 3725 315 3791 Tua
335 3725 503 3813 prodierit.
543 3731 659 3817 Itaque
681 3753 741 3817 ego
749 3778 762 3808 ,
784 3755 862 3796 oum
881 3733 1031 3820 primum
1046 3730 1199 3796 animum

179 3825 222 3889 ad
246 3827 391 3892 Graecas
414 3829 597 3919 latinaeque
616 3833 729 3900 literas
751 3834 946 3920 adjicerem,
989 3834 1029 3897 ad
1051 3830 1121 3911 ejus
1143 3850 1199 3895 ms

180 3927 362 4005 afflatum
382 3933 568 4024 applicavi,
594 3949 633 4004 ut
653 3937 694 4004 ab
716 3960 757 4003 eo
779 3939 837 4027 qui
857 3939 894 4005 in
914 3940 978 4006 isto
999 3931 1201 4035 venustioris
