2626 4524
141 294 749 341 ,W
1107 256 1155 361 7'5

138 461 222 519 nant
241 447 481 522 adolescentes,
508 440 567 528 qui
586 437 697 526 prima
717 438 763 503 N.
783 437 825 506 Τ.
846 438 986 509 lectione
1007 443 1159 512 absolute
1267 448 1271 458 '

138 553 235 620 nobis
265 571 405 639 operam
433 548 513 610 dare
541 544 665 622 solent,
701 541 813 630 potior
834 530 1028 630 'argumenti
1056 571 1159 637 quam

95 727 98 733 ,
140 655 297 722 dictionis
317 650 471 728 habenda,
487 645 598 712 fuerat
618 644 720 726 ratio,
739 657 781 710 et
809 666 878 713 non
905 650 1041 717 omnino
1068 652 1163 718 licuit

140 781 258 826 meum
278 756 376 821 mihi·
390 766 527 844 gustum
547 749 738 816 consuleres
768 750 932 818 constabit
958 767 1070 820 autem
1098 756 1161 823 ist·

141 865 208 931 hoc
244 858 428 927 subsidium
467 857 503 942 1)
524 852 669 920 Luciani
702 853 783 945 sepi
818 849 884 922 τοῦ
905 856 1085 937 ἐνυπνίου.
1129 869 1165 943 a)

142 948 271 1041 Cebetis
299 962 422 1029 tabula.
475 959 514 1045 5)
534 952 689 1023 Isocratis
718 948 807 1048 πρός
834 945 1033 1049 Δημὸνικον
1058 953 1165 1051 slo'yqn

143 1070 179 1160 4)
205 1062 377 1135 Plutarchi
404 1064 485 1157 aspi
513 1056 578 1131 τοῦ
604 1050 768 1139 ἀκούειν,
805 1072 837 1128 et
874 1058 909 1151 5)
936 1061 1163 1152 'Ibeophrasfi
1216 1110 1219 1115 .

143 1167 430 1240 characterismis:
452 1163 598 1249 (laeteris
618 1173 740 1245 autem,
760 1163 819 1250 qui
837 1165 1029 1231 maturioris
1051 1168 1164 1255 aetatis

145 1287 242 1354 sunt,
271 1270 418 1337 Platonis
448 1267 610 1357 quaedam
639 1280 672 1333 et
691 1268 928 1356 Xenophontis
958 1260 1165 1360 ἅπομνημο·

146 1369 306 1465 γεύματα
333 1374 371 1439 in
386 1409 388 1413 ·
405 1386 525 1438 manus
559 1372 672 1448 trad03
718 1371 837 1456 quibus
867 1372 1015 1449 eiusdem
1043 1362 1168 1467 Κύρου

57 1513 61 1523 ¹
147 1477 316 1549 παιδείαν
338 1474 435 1542 adiici
456 1489 634 1562 cuperent,
655 1473 714 1540 sed
735 1476 820 1541 aTe
840 1476 1035 1543 recensitam
1057 1501 1096 1541 ac
1111 1501 1168 1542 cs·
1241 1547 1244 1553 ,

147 1584 312 1671 stigatam.
354 1581 399 1645 Et
419 1579 577 1664 quoniam
598 1578 639 1643 (le
661 1580 809 1645 Graecae
830 1578 1044 1646 institutionis
1065 1580 1169 1645 ratio·

148 1711 192 1770 ne
213 1685 269 1750 hic
291 1684 422 1749 Tecum
443 1703 516 1768 ago,
538 1691 651 1769 patere
672 1680 720 1748 V.
740 1680 788 1746 Cl.
810 1694 847 1746 ut
869 1680 954 1766 quid¹
972 1683 1029 1748 Tu
1050 1685 1090 1750 de
1111 1696 1169 1749 ac&

150 1802 311 1856 centuum
332 1783 642 1875 aspirationumque
670 1783 772 1873 signis
794 1778 924 1873 usuque
945 1785 1083 1869 sentias,
1112 1811 1169 1855 re·

149 1914 294 1981 quirem

236 2084 354 2169 Quum
390 2078 482 2181 aliud
507 2078 588 2167 quid
618 2082 799 2149 attentione
826 2084 905 2149 Tua
933 2085 1071 2169 dignum
1100 2104 1171 2149 non

126 2245 132 2281 ,Ι
150 2198 303 2276 suppetat
319 2187 360 2251 in
388 2184 674 2274 praesentiarum,
702 2206 764 2270 per
784 2186 1030 2275 Heideggerum
1058 2187 1098 2251 ad
1121 2187 1206 2250 'I'ess

149 2294 205 2358 his
233 2288 391 2356 nundinis
419 2287 590 2353 curabitur
618 2289 811 2373 exemplum
838 2289 958 2368 libelli,
989 2310 1055 2375 quo
1081 2287 1176 2353 Bod«
1292 2300 1296 2309 ’

151 2415 266 2458 merus
288 2391 363 2477 (qui
381 2390 444 2471 Te,
465 2389 684 2475 animumque
705 2388 815 2468 illum,
839 2411 940 2474 quem
960 2390 997 2454 in
1019 2389 1177 2477 superio<

152 2498 245 2568 ribus
275 2493 360 2560 'I'uis
387 2492 429 2558 ad
455 2514 512 2557 me
539 2493 642 2559 literis
669 2493 837 2559 ostendisti
864 2492 903 2559 in
916 2493 1023 2558 'bunc
1049 2490 1177 2563 Vtrubi

152 2619 361 2689 propensum
382 2609 415 2662 et
434 2595 619 2669 liberalem,-
639 2595 752 2684 magni
773 2594 880 2675 fecie)
902 2595 1083 2682 conjuncta¹
1099 2588 1177 2661 arse-¹
1205 2631 1213 2644 ·

80 2723 81 2726 ’
154 2726 234 2770 cum
263 2723 369 2792 opera
388 2701 564 2787 specimen
585 2682 736 2777 Poebeoss
753 2698 959 2793 Teutonicae
977 2701 1087 2768 Ssculi
1100 2681 1190 2797 XII
1282 2782 1286 2791 Ι

155 2819 190 2871 et
210 2806 294 2872 XIII
315 2829 334 2871 e
351 2803 473 2869 Codice
495 2803 585 2890 regio
600 2800 777 2869 Parisiensi
798 2804 1009 2869 exhibemus:
1030 2806 1087 2871 Ex
1107 2805 1176 2870 hu-

156 2912 210 2992 jus
231 2908 332 2974 libelli
354 2905 561 2995 praefatione
580 2906 752 2994 intelliges,
766 2929 876 2994 ‚quam
900 2920 1091 2997 opportune
1112 2926 1179 2991 np-

156 3014 207 3079 bis
230 2999 342 3100 erepta
362 3009 406 3077 sit
425 3009 552 3075 occasio
573 3008 679 3094 justae
699 3009 738 3075 in
754 3010 1009 3078 Gottschedium
1024 3012 1179 3078 animad-

81 3118 84 3122 ’
158 3115 337 3196 versionis,
374 3125 505 3183 tantum
534 3113 623 3200 quod
660 3113 733 3198 ejus
759 3115 940 3206 praelectio
971 3115 1013 3180 de
1032 3115 1181 3204 po‘e'seies'

156 3198 517 3311 'l'eutonicaaffituno
537 3217 600 3282 sub
620 3215 799 3284 Frislsricis
825 3216 934 3285 adhuc
962 3241 982 3282 a
1003 3218 1098 3286 nobis
1117 3220 1181 3305 def,⁸

159 3322 341 3389 sideretur=
362 3323 514 3388 nondum
536 3320 707 3388 tamenin
727 3334 830 3408 portu
851 3323 994 3406 navigat,
1014 3323 1077 3390 nisi
1092 3322 1180 3391 forte

160 3449 278 3491 cavere
306 3426 429 3513 possit,
463 3449 508 3493 ne
534 3426 644 3491 ullum
669 3445 820 3511 unquam
848 3426 1082 3514 praelectionis
1101 3450 1181 3494 suae

161 3526 358 3614 exemplum
387 3530 429 3596 ad
457 3553 531 3595 nos.
545 3526 723 3595 deleratur.
807 3530 970 3596 Proxime
990 3544 1103 3619 autem
1120 3552 1182 3598 're-

161 3645 293 3700 centem
321 3654 341 3696 e
366 3633 485 3719 proclo
511 3656 532 3700 a
561 3654 616 3697 me
645 3633 851 3720 exspectabis
878 3630 926 3700 cl.
948 3633 1182 3726 Hegenbncbii
1274 3640 1277 3647 '

161 3734 441 3804 commentarium
474 3735 512 3801 in
539 3735 737 3824 Diptychon
767 3738 937 3803 consulare
958 3737 1183 3804 Boethianum

163 3865 222 3906 seu
243 3840 441 3919 Brixiense,
463 3839 521 3923 qui
541 3838 706 3905 sumtibus
725 3838 839 3904 Emin.
858 3839 1023 3926 Praesulis
1044 3836 1184 3925 Quirini

143 3966 217 4035 ap.
246 3945 496 4032 Heideggerum
518 3944 613 4057 ⁴typis
642 3944 855 4011 exscribitur.
941 3942 945 3949 ’
982 3941 1185 4010 Posteriores
1267 4003 1269 4006 ,
