2626 4524
180 443 383 529 antiquitatis
411 438 531 506 itinere
562 426 692 526 longius
718 459 917 527 progressus
942 438 1044 522 esset,
1070 440 1198 517 ,lumen
1291 424 1295 433 ¹

181 533 269 613 niihi
298 545 522 610 accenderem.
566 545 638 607 Nec
666 565 722 606 me
748 540 863 625 fefellit
889 542 950 606 ista
977 565 1061 630 spes.
1104 545 1197 610 Nam
1292 608 1296 615 ,

181 672 258 715 cum
281 651 403 736 scripta
424 647 507 712 mihi
530 647 606 710 Tua
627 645 849 731 cognoscenda
868 644 964 725 dedit,
986 659 1058 711 tum
1080 666 1197 711 eorum

181 753 362 841 praeceptis
389 774 511 837 magna
538 771 594 813 me
621 769 792 835 errorum,
813 768 901 833 quos
929 749 965 814 in
993 749 1056 813 isto
1078 764 1197 836 genere

182 878 419 949 conceperam,
441 854 536 940 copie
556 852 728 939 purgavit,
756 864 829 939 turn
849 852 1012 916 monendo
1034 852 1198 917 cavendo⁴

183 980 248 1044 que
281 959 388 1024 effecit
414 970 452 1023 ut
478 957 545 1022 his'
560 954 703 1042 vestigiis
726 953 767 1018 ad
788 966 976 1020 accuratam
998 956 1199 1041 elegantem-

121 1122 124 1128 .
183 1082 248 1145 que
281 1062 404 1126 harum
437 1062 612 1126 literarum
649 1058 815 1133 rationem
848 1058 1076 1146 progrederer.
1136 1058 1200 1123 Sed

127 1229 133 1241 ,
183 1163 329 1248 Bangius
349 1185 436 1228 cum
464 1185 540 1226 suus
572 1159 715 1224 rationes
753 1160 794 1222 ad
828 1160 1067 1226 Academicum
1095 1161 1200 1227 vitam

183 1267 439 1351 composuisset,
465 1261 641 1346 Marburgi
660 1260 801 1346 gradum
822 1262 1007 1348 Magisterii
1028 1264 1203 1352 capessivit

185 1369 308 1456 scripta
328 1365 553 1433 dissertatione
576 1363 618 1427 de
638 1363 720 1429 Stilo
741 1365 785 1429 N.
808 1364 840 1428 Τ
841 1376 898 1427 est.
929 1365 965 1428 in
988 1388 1052 1450 qua
1074 1368 1202 1445 doctri·

184 1469 320 1553 na'ejus
342 1494 381 1536 eo
402 1468 508 1554 magis
530 1467 653 1546 eluxit,
675 1466 780 1552 quod,
801 1488 877 1533 cum
899 1467 935 1531 in
956 1469 1030 1532 loco
1051 1494 1114 1534 nec
1135 1496 1203 1536 no-

184 1597 229 1638 vo
252 1587 283 1638 et
303 1575 349 1638 ita
369 1584 520 1649 tractato,
550 1583 589 1635 ut
616 1569 686 1654 ejus
715 1569 901 1656 diligentiae
930 1571 1044 1637 omnia
1065 1574 1104 1639 ab
1127 1574 1204 1640 aliis

162 1745 163 1748 ,
183 1693 360 1765 praecepta
381 1677 588 1753 viderentur,
609 1685 816 1754 uersaretur,
845 1673 890 1738 ita
913 1673 1048 1760 copiose
1069 1676 1204 1762 elegan-

185 1790 302 1862 terque
332 1778 527 1864 disputavit,
557 1789 593 1840 ut
621 1777 746 1863 partim
766 1798 853 1848 noua
875 1779 1036 1861 quaedam
1058 1777 1203 1845 adferret

183 1880 308 1967 partim
330 1892 443 1944 vetera
464 1880 500 1944 in
521 1901 609 1944 nova
630 1880 704 1942 luce
724 1891 862 1965 poneret
883 1880 1114 1967 exquisitaque
1125 1905 1203 1947 ora·
1223 1904 1227 1912 ·

92 2068 94 2073 Ι
185 1983 286 2046 tionis
309 1984 399 2047 cultu
421 1994 563 2046 ornaret
613 1981 734 2063 Neque
761 1993 871 2046 tamen
900 1983 936 2047 in
961 1984 1088 2049 scholas
1120 2007 1202 2070 quas

186 2087 324 2149 omnino
351 2086 399 2149 in.
417 2085 586 2151 Graecum
615 2082 760 2166 aliquem
787 2080 983 2172 scriptoram
1005 2086 1202 2153 habiturum

184 2212 219 2253 se
234 2187 456 2276 profiteretur,
479 2207 683 2271 quemquam
699 2184 770 2250 fere
791 2186 923 2257 allicere
941 2175 1068 2279 potuit(
1104 2191 1202 2276 Quod

185 2293 264 2358 inde
285 2292 411 2357 factum
434 2291 521 2376 quod
542 2291 597 2354 vel
618 2289 773 2355 Klotzius·
797 2289 837 2354 de
862 2290 932 2372 ejus
959 2293 1069 2360 libello
1090 2294 1204 2379 inique

153 2462 155 2466 ,
185 2398 452 2483 pronuntiasset,
480 2393 536 2459 vel
561 2393 651 2480 quod
671 2391 695 2455 ii
717 2412 801 2477 quos
822 2405 895 2459 tum
916 2410 1066 2462 auctores
1087 2396 1206 2462 duces·
1250 2396 1262 2411 ⁸

187 2522 253 2585 que
274 2499 473 2584 sequebatur
492 2496 656 2579 juvenum
676 2517 759 2582 grex
780 2496 860 2560 huic
886 2497 1072 2564 studiorum
1089 2501 1205 2584 generi

186 2622 257 2666 uon
278 2598 443 2679 faverent,
470 2599 526 2665 vel
556 2597 645 2684 quod
672 2597 758 2682 ipse,
786 2598 845 2682 qui
865 2616 997 2687 semper
1023 2596 1068 2671 ου’
1088 2601 1206 2672 δοκεῖν

188 2691 264 2769 ἄλλ’
293 2697 386 2766 εἶναι
413 2693 598 2789 ἐβούλετο,
626 2699 753 2763 adulari
779 2722 841 2765 uec
867 2703 965 2768 vellet
993 2727 1054 2770 nec
1082 2717 1204 2792 posset.

140 2848 143 2856 ,
185 2804 277 2868 Nam
300 2803 386 2887 quod
407 2803 620 2870 Lutheranae
641 2799 806 2867 formulae
825 2805 969 2872 addictus
990 2821 1048 2890 est,
1069 2809 1105 2875 id
1127 2809 1207 2894 qui-

186 2907 263 2971 dem
284 2905 322 2971 iu
342 2927 381 2970 ea
400 2904 582 2973 Academia
603 2905 651 2968 nil
673 2905 774 2971 obest.
821 2906 866 2971 Et
888 2922 982 2994 pater
1002 2934 1099 2979 meus
1120 2934 1205 3001 pru·
1268 2926 1272 2933 '

155 3022 157 3028 ’
186 2999 396 3076 dentissiuius
424 3008 724 3096 integerrimusque
750 3010 819 3089 vir,
846 3020 922 3078 cum
949 3014 1054 3100 ipsius
1084 3016 1206 3081 merito
1247 3025 1248 3028 ’

186 3127 260 3180 tum
281 3113 347 3178 mei
367 3133 483 3178 caussa
504 3132 583 3176 eum
603 3111 650 3176 ita
671 3111 820 3194 amabat,
843 3125 880 3180 ut
899 3136 1054 3201 pereum
1070 3119 1206 3205 quidem
1299 3108 1304 3115 ¹

74 3212 75 3217 ’
185 3217 236 3282 inl
265 3241 335 3281 non
361 3215 526 3304 praeclari
553 3224 720 3282 assecutus
742 3228 835 3281 esset.
879 3217 1036 3287 Ceterum
1057 3207 1205 3307 Baugius

186 3342 265 3383 cum
286 3320 413 3384 videret
432 3341 472 3382 ea
493 3341 562 3393 esse
583 3318 762 3383 hominum
782 3318 922 3411 ingenia!
934 3337 973 3389 ut
994 3323 1204 3395 omnem‘Gr.

80 3490 83 3503 ¹
186 3423 371 3488 literarum·
396 3418 568 3488 utilitatem
600 3422 645 3493 N.
684 3421 890 3488 'Testamenti
933 3426 1207 3515 interpretatione
1239 3438 1244 3455 '

185 3524 387 3590 metirentur
401 3535 495 3604 ,n'ou
518 3523 578 3589 illa
599 3524 740 3611 eleganti
762 3547 847 3609 quae
867 3521 979 3594 arcem
1002 3531 1206 3619 Theologiae

187 3637 277 3694 tenet
299 3647 459 3710 quaeque·
470 3651 515 3693 ex
536 3639 688 3703 accurata
718 3629 933 3714 grammatica
961 3635 1104 3712 ratione,
1136 3616 1229 3697 1511..'

187 3734 344 3819 guarum
359 3728 516 3808 scientim·
543 3743 574 3794 et
604 3730 807 3815 antiquitatis
834 3755 897 3799 usu
927 3732 1132 3812 efflorescit,
1148 3735 1207 3800 sed

185 3835 299 3919 jejuna
318 3831 377 3899 illa
400 3840 432 3894 et
452 3832 603 3897 mendica
623 3853 661 3896 ac
682 3833 723 3897 ab
746 3834 839 3898 omni
857 3837 1038 3926 elegantiae
1048 3835 1207 3922 antiquae

185 3937 408 4011 instrumento
429 3956 553 4018 vacua,
581 3956 667 4024 quae
696 3949 735 4005 ut
762 3939 848 4006 nosti
871 3926 1045 4033 exegeseda
1064 3939 1207 4010 numine
