2626 4524
178 322 223 383 ιι
352 302 462 363 .‘'-
580 336 792 361 W*

78 463 89 495 ³
182 473 247 542 Sed
281 492 343 559 pro
363 461 475 559 Ἀριϊ
496 446 673 554 legendum
700 462 812 557 εἴαρι,
848 464 1031 552 sicutipse
1060 469 1137 534 citat
1163 491 1198 535 v.
1260 520 1267 538 ,

18 594 22 599 -
133 618 138 623 .
168 573 282 668 Ἔαρ,
305 574 370 664 ἔαρ
394 594 458 660 pro
481 568 649 656 sanguine
674 583 718 635 est
740 568 828 653 apud
852 569 979 637 Gallim.
1001 572 1034 634 in
1064 573 1200 658 Fragm.

187 679 268 746 Vid.
291 675 482 741 Hemsterh.
506 673 546 738 ad
570 673 708 737 Lucian
736 670 826 739 Dial.
848 671 951 736 Deor.
971 695 1006 758 p.
1029 672 1102 744 240·

185 902 187 904 ,
271 823 381 892 Facite
402 845 459 888 me
478 820 514 886 in
536 816 707 919 nonnullis
728 820 853 886 horum
874 822 1060 903 conjectura
1084 820 1207 886 fallere

185 907 301 1023 potest.
346 928 440 1006 seu,
440 925 497 1010 qui
519 935 710 1012 utrumque
717 917 956 1008 Anthologiani
978 936 1010 988 et
1027 923 1150 991 editam
1170 939 1204 990 et

95 1056 101 1074 ¹
186 1033 368 1105 ineditam,
400 1030 543 1111 itemque
564 1039 688 1091 ceteros
718 1027 830 1113 poetas
852 1039 1002 1092 accurate
1024 1050 1100 1092 cum
1123 1029 1207 1094 Sui-

76 1136 80 1143 *
187 1141 229 1205 da
250 1133 389 1211 contuli,
416 1131 532 1196 videor
553 1126 638 1192 mihi
656 1129 697 1194 de
718 1126 769 1192 his'
791 1116 959 1212 aliquanto
981 1131 1100 1196 certius
1122 1123 1213 1221 pos-'³

188 1265 223 1307 se
245 1233 478 1326 pronunciare.
521 1232 683 1296 Nondum
705 1253 725 1293 a
747 1229 950 1295 Callimacho
965 1234 1044 1298 Tuo
1066 1235 1204 1303 discedo.
1295 1317 1299 1323 .

187 1345 318 1430 Hymn.
337 1339 373 1401 in
386 1336 471 1405 Lar.
486 1333 568 1402 Poll·
591 1358 623 1400 v-
639 1332 689 1416 47.
711 1330 787 1404 fons,
801 1327 981 1410 Φυσᾰδιια
997 1360 1206 1405 commemo·

188 1459 299 1520 retur,
322 1439 415 1504 cuius
434 1459 598 1522 nusquam
622 1435 701 1501 alibi
716 1435 920 1500 mentionem
935 1442 1083 1525 reperire
1098 1444 1210 1529 potuit

189 1542 424 1634 spanhemius.
472 1541 569 1605 Iuvat
597 1537 691 1602 illum
716 1530 794 1603 Tibi
816 1544 1034 1614 monstrare
1024 1565 1061 1610 m
1081 1548 1208 1615 mendo

189 1651 367 1716 cubantem
398 1644 487 1733 apud
515 1640 672 1731 Stephon.
700 1641 781 1729 Byr.
812 1665 844 1705 ι.
860 1638 1056 1735 Ασβώτος.
1084 1647 1141 1712 ubi
1170 1648 1208 1713 hi
1307 1634 1309 1640 ¹

71 1827 75 1834 q
188 1750 417 1839 Euphorionis
438 1769 556 1810 versus
579 1745 781 1828 afferuntur·
794 1728 917 1815 “Iunci
935 1743 1030 1816 nato?
1047 1741 1209 1820 νάουσαν

191 1845 426 1945 ιἰιορνύμενοι
457 1843 674 1942 φιιγιὶδιιιιν.
720 1847 830 1911 Paene
860 1850 994 1914 miseret
1021 1866 1077 1916 me
1098 1855 1209 1920 Inter-

189 1969 344 2049 pretum‚
370 1946 567 2050 φυγᾰᾶειαν
589 1948 724 2039 fugam
752 1953 1005 2045 exponentium.
1059 1955 1123 2018 Sed
1153 1955 1210 2019 Tu

21 2124 24 2133 ,
90 2110 93 2115 -
190 2059 332 2139 videris,
361 2055 547 2122 acutissime
563 2053 722 2132 Ernesti,
751 2050 835 2117 sitne
861 2054 985 2174 potius
993 2065 1026 2118 et
1046 2055 1082 2120 in
1103 2057 1213 2122 Calli-

191 2161 312 2231 macho
329 2159 408 2224 etin
425 2155 645 2244 Euphorione
663 2154 873 2234 scribendum
892 2148 1091 2243 Φιγάλειαν
1118 2160 1213 2224 Pau-

191 2289 261 2333 eon.
284 2266 328 2329 L.
348 2263 445 2328 Vffl.
464 2283 499 2348 p.
521 2258 594 2327 680
617 2256 855 2325 commemorat
877 2254 1114 2346 Φιγαλίαν
1070 2288 1214 2357 νυμφην

192 2365 263 2443 «ὧν
281 2361 510 2454 κᾶλουμέιων
525 2353 732 2454 Δριαδων.
748 2361 877 2425 Ibidem
893 2376 941 2428 est
957 2365 1118 2451 Φίγαλος,
1137 2367 1214 2455 Ly·
1279 2428 1284 2433 .

192 2472 305 2538 caenis
326 2469 435 2546 filius,
469 2489 490 2530 a
511 2486 577 2554 quo
598 2465 677 2531 urbs
701 2457 872 2551 Φιγάλιια
893 2485 1017 2534 nomen
1037 2470 1212 2539 invenerit.

192 2573 306 2659 Atque
334 2569 420 2634 haec.
445 2568 526 2633 urbs
554 2567 656 2632 simili
688 2568 857 2636 interdum
895 2590 1009 2634 errore
1039 2567 1213 2658 Φυγᾶλιια

192 2674 359 2743 scribitur.
381 2668 464 2735 vid.
486 2668 642 2756 Sylburg.
662 2669 705 2733 ad
726 2671 868 2738 Pausan.
890 2670 932 2736 L.
948 2673 1020 2739 IV.
1040 2694 1075 2761 p.
1099 2674 1169 2759 557.

280 2817 469 2889 Wetstenii
483 2816 696 2884 Testamento
716 2819 827 2885 addidi
847 2820 974 2907 aliquot
988 2822 1119 2890 Timaei
1138 2823 1216 2911 pla-'

158 2981 161 2996 .
193 2927 317 3016 gulas,·
337 2924 375 2989 in
395 2944 477 3008 quas
508 2941 573 3011 quo
595 2924 797 2988 severiorem
817 2924 917 2990 crisin
941 2925 1133 2993 exercueris
1140 2974 1151 3004 ,
1173 2947 1215 2992 eo

140 3020 145 3028 ’
188 3030 295 3100 mjhi
310 3029 434 3116 gratius
464 3023 592 3091 feceris.
635 3025 910 3111 Castigationibue
933 3029 1019 3094 Tuis
1040 3028 1134 3097 locus
1155 3030 1218 3094 d'a·

90 3140 92 3144 '
194 3135 286 3198 bitur
308 3133 345 3196 in
367 3126 569 3195 Addendis.¹
603 3128 706 3216 Coepi
728 3129 829 3195 etiam
852 3132 976 3217 aliquid
998 3132 1216 3217 commentari

194 3237 231 3301 in
252 3236 427 3300 Marmore
453 3245 584 3308 vetera,
614 3232 705 3316 quod
732 3231 896 3299 inseretur
925 3233 1099 3299 Memoriis
1122 3233 1217 3300 Aca-

195 3337 323 3404 demiae
352 3335 613 3424 Inscriptionum
642 3348 674 3399 et
695 3336 934 3423 elegantiorum
954 3326 1127 3403 literarum
1149 3339 1219 3404 Pa·
1293 3336 1304 3346 “

186 3439 329 3523 ¹risinae,
352 3439 407 3503 cui
421 3440 498 3504 aute
515 3437 650 3525 aliquod
665 3450 798 3529 tempus
809 3440 916 3505 socius
931 3462 1006 3506 sum
1020 3441 1220 3532 adscriptus.
1284 3522 1287 3526 ¹

199 3542 308 3608 Totus
339 3541 457 3608 deinde
491 3563 549 3607 ero
576 3542 614 3607 in
644 3540 841 3630 expoliendo
874 3543 1046 3631 praeclaro
1068 3547 1218 3635 Phryni-

196 3644 252 3711 chi
281 3666 382 3732 opere
408 3643 482 3722 MS.
513 3640 707 3735 Σοφιστικῇ
734 3645 1024 3742 πραιαρασιιιυῇ,
1066 3652 1123 3715 cui
1151 3651 1219 3714 alia

197 3750 298 3813 etiam
321 3747 490 3833 quantivis
512 3748 614 3833 pretii
635 3750 806 3831 accedent,
834 3775 878 3817 ex
900 3754 1001 3820 Codd.
1029 3752 1126 3817 MSS.
1141 3808 1143 3812 .
1156 3752 1220 3818 Bi-

195 3851 382 3919 bliothecae
404 3849 529 3942 Regiae
551 3851 754 3940 deprompta.
809 3856 871 3920 Sed
895 3859 1027 3942 quando
1050 3855 1164 3919 Tuam
1185 3853 1235 3920 iu‘

193 3953 389 4022 Lucianum
398 3953 590 4043 Epistolam
610 3954 762 4023 criticum
783 3956 993 4027 videbimus?
1010 3957 1115 4028 Dedit
1135 3958 1222 4033 mihi
