2626 4524
178 272 246 345 ¹92
599 280 820 313 mm»

171 427 281 485 tantae
301 411 352 477 rei
373 431 492 476 causae
511 408 794 494 intelligerentur,
817 409 936 496 quibus
954 411 1192 501 cognoscendis

171 523 329 594 historiae
349 517 473 585 utilitas
492 514 642 580 maxime
662 514 858 580 continetur.
900 519 987 582 Eam
1001 520 1103 604 igitur
1116 518 1193 584 Le·

171 629 317 697 ctionem
338 646 377 687 ac
406 618 662 707 disputationem
684 640 798 683 coram
819 618 973 702 VOBIS,
1001 624 1108 704 C.P.,
1130 646 1191 703 re-

170 745 286 821 petere
303 723 473 790 constitui:
502 745 590 801 non,
619 741 686 807 quo
708 745 783 786 eam
802 723 936 809 dignam
969 725 1097 792 Vestris
1122 748 1191 817 pu-

170 834 265 902 mlius
285 842 419 920 putem,
448 826 521 907 sed,
549 825 639 909 quod
658 847 700 913 pa
728 849 795 890 non
816 826 972 894 abhorret
997 853 1017 894 11
1035 830 1191 916 personis

171 937 350 1019 studiisque
378 929 590 1001 VOETRIS,
630 928 853 1017 inprimisque
878 945 916 998 ut
941 933 989 998 sic
1019 933 1191 999 rationem

171 1039 311 1127 VOBIS
334 1033 577 1122 quodammodo
601 1032 742 1099 reddam
764 1036 932 1108 muneris,
958 1037 1049 1122 quod
1068 1028 1194 1121 1111110

171 1141 357 1215 Academia
377 1138 418 1202 de
438 1134 607 1202 voluntate
637 1134 804 1225 PATRIS
828 1140 1001 1206 VESTRl
1029 1139 1190 1223 sustineo,

172 1267 376 1330 omnemque
391 1238 482 1306 VOS
503 1236 662 1325 histopiae
681 1241 875 1323 tradendae,
900 1245 1103 1331 omninoque
1118 1246 1191 1329 dis-

171 1350 304 1420 serendi
317 1346 457 1412 modum
478 1367 593 1409 meum
613 1345 803 1431 perspicere
827 1347 965 1433 possitis.
1005 1350 1108 1435 quue
1124 1351 1191 1416 hoo

171 1452 259 1524 facio
279 1448 452 1527 libentius,
475 1471 541 1535 quo
556 1449 660 1535 magis
674 1471 780 1535 spero,
805 1449 912 1527 VOS,
933 1453 970 1517 in
986 1452 1114 1519 ratione
1128 1477 1192 1520 ao-

172 1554 344 1647 cipienda,
373 1576 444 1617 nou
472 1552 576 1637 magis
604 1551 768 1617 iudicium
795 1553 1045 1640 VESTRUM‚
1084 1578 1190 1642 quam

170 1661 367 1730 facilitatem
386 1656 663 1741 clementiamque
676 1656 713 1720 in
729 1657 904 1722 consilium
917 1657 1120 1726 adhibituros
1133 1685 1191 1727 es-
1246 1708 1249 1714 -

170 1791 228 1855 11οιΙ
248 1762 338 1851 quod
353 1772 391 1824 ut
405 1757 545 1840 faciatis,
568 1760 626 1825 etsi
648 1751 932 1848 supervacaneum
952 1762 1058 1828 videri
1077 1775 1192 1850 potest

169 1890 305 1957 rogare,
326 1866 364 1930 in
384 1875 475 1927 tanta
499 1858 691 1927 VESTRA
711 1863 932 1950 indulgentia,
955 1877 1078 1947 tamen,
1099 1888 1189 1952 qno-

169 1973 264 2040 niam
291 1970 385 2033 dulce
409 1979 458 2031 est
480 1986 600 2052 rogare
621 1989 695 2041 eos,
726 1989 809 2053 quos
833 1989 941 2048 ames,
975 1991 1190 2058 quorumque

140 2146 143 2151 ,
168 2075 316 2143 bonitate
340 2068 500 2149 confidas,
532 2068 748 2135 vehementer
767 2094 848 2159 rogo
872 2083 979 2159 atquc
994 2094 1071 2149 oro,
1198 2156 1202 2163 .

183 2252 186 2259 ,
256 2176 338 2256 Sed,
361 2187 399 2239 ut
414 2197 470 2256 ea,
493 2196 577 2261 quae
599 2195 688 2239 ame
704 2173 874 2256 dicentur,
898 2177 963 2242 hoo
984 2175 1113 2241 facilius
1130 2177 1189 2243 111.-
1215 2250 1223 2259 ‚

169 2281 276 2368 telligi
303 2278 448 2370 possint,
479 2266 598 2365 resque
625 2277 697 2365 ipsa
730 2278 793 2343 hoc
831 2281 954 2345 rectius
991 2280 1190 2368 explicetur,
1247 2314 1252 2322 ·

67 2416 71 2423 ·
169 2386 285 2479 paucis
307 2397 383 2449 aute
405 2394 453 2449 est
476 2382 516 2448 de
540 2378 740 2469 reipublicae
755 2381 926 2473 Romanae
947 2382 1058 2465 forma
1078 2406 1191 2471 expo-

170 2490 337 2569 nendum,
362 2509 448 2571 quae
469 2499 544 2550 ante
564 2485 966 2573 libertatemoppressam
989 2483 1072 2569 fuit,
1102 2500 1188 2570 tum,
1215 2508 1219 2515 ·

172 2594 215 2681 de
236 2594 469 2659 Romanorum
496 2600 648 2653 veterum
668 2589 810 2674 ingeniis
838 2602 870 2655 et
889 2591 1056 2671 moribus,
1076 2593 1189 2677 quoad

173 2698 309 2785 quidem
327 2692 373 2758 ad
394 2693 481 2756 hauc
501 2705 648 2757 nostram
672 2691 925 2779 disputationem
949 2694 1126 2782 pertinent.

257 2795 475 2886 Reipublicae
497 2794 599 2882 igitur
620 2793 794 2862 Romanae
813 2797 949 2882 antiqua
976 2809 1009 2863 et
1035 2810 1109 2885 post
1130 2814 1207 2862 re-'

172 2927 230 2993 ges
253 2900 411 2990 expulsos
432 2897 583 2963 instituta
603 2897 730 2979 formu,
754 2924 822 2966 non
843 2901 988 2989 simplex
1011 2913 1069 2966 aut
1088 2901 1191 2968 unius

172 3005 305 3099 generis
329 3002 409 3082 fuit,
431 3000 487 3065 sed
508 3022 552 3089 ex
575 3003 728 3068 omnibus
749 3004 853 3070 tribus
876 3005 941 3070 illis
959 3003 1086 3084 formis,
1108 3003 1190 3069 Mo·
1222 3046 1225 3053 ·
1255 3076 1267 3095 ,

173 3107 331 3189 narchie,
359 3103 578 3172 Aristocratia
598 3119 630 3171 01
655 3106 866 3173 Democratia
893 3108 1059 3195 sapienter
1081 3107 1191 3173 mixta

100 3252 107 3261 ι
174 3225 208 3278 01
222 3220 415 3301 temperata.
458 3208 550 3273 Nam
570 3230 788 3297 quaecunque
809 3211 1073 3297 uniuscuiusque
1091 3233 1191 3283 ,com-

175 3314 277 3382 moda
303 3325 381 3378 sunt
409 3324 441 3377 et
467 3313 746 3400 opportunitates,
773 3335 828 3380 eas
850 3315 1095 3380 coniunxerant
1118 3311 1191 3378 rei-

174 3414 327 3507 publicae
343 3413 433 3479 illius
448 3401 608 3494 auctores,
632 3416 719 3482 vitiis
735 3431 767 3482 et
788 3417 1007 3482 incommodis
1029 3417 1191 3501 uniusque

173 3514 319 3587 sublatis.
357 3510 1194 3600 1000111011110100111110011110111111110111,111
1259 3580 1262 3585 .

174 3618 321 3713 quaein
346 3642 544 3708 unaquaque
567 3618 677 3685 forma
701 3621 912 3689 incommoda
932 3636 1028 3706 sunt,
1055 3624 1094 3688 iis
1116 3643 1191 3685 me-
1255 3604 1262 3617 ’

175 3729 333 3794 derentu‘r
357 3745 412 3802 ea,
437 3745 520 3808 quae
545 3748 588 3791 ex
608 3725 744 3811 reliquis
768 3726 893 3792 duabus
915 3726 1033 3799 fonnis
1055 3725 1210 3790 adsum-·

175 3843 210 3897 ta
233 3838 356 3906 essent,
386 3836 424 3891 ut
452 3827 605 3927 pluribus
633 3828 844 3917 demonstrat¹
857 3831 1035 3919 Polybius,
1066 3827 1126 3915 qni
1148 3826 1193 3892 ab
