2626 4524
284 441 325 507 In
345 438 496 531 pauculis
514 435 649 503 Ioannis
668 438 836 505 Grammii
857 438 986 522 libellis,
1006 443 1068 528 qui
1089 446 1130 510 ad
1151 470 1217 511 uo·
1281 506 1285 513 .

181 544 306 610 'titiam
328 566 440 609 meam
460 541 694 631 pervenerint,
716 555 843 621 rectum
867 557 899 610 et
921 545 1064 630 probum
1086 548 1121 612 in
1141 549 1218 614 lite-

199 646 248 714 ris
277 648 398 713 uostris
428 643 605 731 judicium,
643 644 868 732 eximiamque
907 648 1055 714 Graecae
1084 651 1217 736 linguae

199 749 370 815 scientiam
398 748 557 815 admiror.
600 745 726 833 Quodsi
749 746 833 813 mihi
855 752 975 815 velex
998 752 1076 817 Tua
1096 757 1148 819 vel
1173 777 1218 820 ex

200 853 388 917 amicorum
410 853 566 917 'l'uorum
592 850 797 919 bibliothecis
826 853 938 919 omnia
964 854 1035 937 ejus
1057 859 1219 942 opuscula

198 957 511 1043 suppeditarentur,
531 954 588 1019 ilia
607 953 742 1020 Batavis
764 956 853 1044 typis
871 956 1047 1044 descripta,
1070 957 1218 1022 oblivio·

200 1059 233 1123 ni
258 1061 432 1146 eriperem.
487 1057 688 1143 Quicunque
709 1079 791 1122 vero
814 1060 865 1123 vel
885 1059 1219 1145 Dissertati-unculam

198 1161 283 1225 mihi
306 1160 518 1248 suggesserit,
540 1158 591 1222 illi
611 1180 751 1244 operum
767 1160 869 1225 nitide
889 1182 1085 1229 recasurum
1097 1186 1217 1230 exem·-

198 1267 274 1353 plar
303 1283 381 1327 cum
410 1248 593 1351 gratiarum
623 1263 753 1352 actione
776 1262 962 1330 donabitur.
996 1288 1004 1301 ¹

285 1379 496 1467 Discipulum
517 1376 683 1464 quendam
700 1377 827 1458 Tuum,
849 1379 1030 1463 Breucum,
1053 1384 1088 1449 ni
1108 1383 1217 1467 fallor,
1271 1368 1275 1379 ¹

198 1484 322 1570 aliquid
355 1484 392 1548 in
420 1481 653 1570 Thucydidem
682 1479 872 1569 scripsisse5
905 1484 1022 1550 nescio
1052 1487 1109 1551 ubi
1128 1488 1216 1574 degi.

197 1588 327 1669 Miror,
362 1587 449 1653 illius
471 1580 574 1652 libelii
605 1583 740 1651 nullum
762 1585 937 1675 exemplar
955 1586 1023 1654 huc
1045 1609 1114 1654 esse
1133 1611 1216 1678 per·

197 1690 313 1758 latum.

282 1805 573 1889 Hemsterhueius,
601 1802 672 1869 Tui
699 1826 802 1895 cupre
829 1829 932 1893 quam
951 1807 1066 1874 eredas
1087 1809 1214 1876 studio·
1272 1822 1276 1831 '

197 1935 271 1993 eus,
295 1909 347 1976 Te
368 1909 468 1974 etiem
487 1921 587 1994 atque
609 1906 709 1972 etiam
730 1910 860 1983 salutat.
911 1911 1018 1992 Vale,
1044 1913 1113 1978 Vir
1133 1913 1213 1977 Ma.
1265 1952 1270 1967 .

15 2080 24 2093 ,,
58 2026 62 2041 ·
121 2070 124 2075 .
175 2007 275 2103 'gne',
296 2034 433 2098 meque,
454 2024 492 2078 ut
513 2034 622 2093 amas,
643 2032 730 2078 amar
770 2011 856 2080 Dab.
878 2013 1037 2103 Lugduni
1055 2008 1212 2102 Batavorss
1247 2036 1252 2049 “

195 2119 228 2185 d.
253 2138 303 2205 ¹9·
324 2115 487 2191 Februar.
511 2112 606 2197 1758.
832 2104 835 2109 ’
