2626 4524
172 411 302 481 aionem
317 407 504 483 incurrisse.
546 404 714 492 Equidem
733 406 797 472 hoc
812 405 963 494 profiteri
977 400 1182 499 persumme

145 516 208 583 in
235 514 371 601 reliquis
399 506 570 577 Plutarchi
596 509 752 596 operibus
778 511 883 591 mtrlto
912 511 1102 595 breviorem
1124 515 1185 579 ad·
1256 520 1271 573 s

171 619 437 700 strictioremque
458 610 637 699 futurum:
655 633 725 678 non
746 612 883 699 quidem
902 601 1186 704 reprehensorum
1212 600 1215 611 ⁵

172 723 314 788 ictorum
342 716 537 784 auctoritati,
555 717 805 808 obsequentem,
824 804 826 808 Ι
843 717 901 784 sed
930 721 998 785 mei
1018 723 1188 788 commodi

172 823 357 908 rationibus
384 817 569 894 inductum.
620 820 711 884 Nam
739 820 780 891 in.
801 819 961 908 singulari
987 821 1103 889 libello
1125 849 1188 891 nec

149 937 245 1009 »tam
263 926 411 992 molesta
439 933 487 988 est
512 922 626 1010 copia,
645 943 721 986 nec
749 919 845 988 facile
873 946 950 989 oum
982 925 1084 990 semel
1105 949 1188 993 oon·
1265 973 1267 979 -

175 1041 264 1118 gesta
286 1038 354 1110 est,
376 1034 560 1099 coarctatur
583 1037 680 1109 atque
699 1023 923 1114 praeciditur*
953 1029 1025 1100 Sed
1039 1028 1190 1113 editionis
1275 1007 1277 1025 Ι

176 1132 314 1198 consilio
335 1152 428 1195 nunc
448 1127 582 1221 quidem
603 1128 710 1194 solum
724 1127 907 1195 Moralium
922 1132 1079 1217 volumen
1098 1156 1192 1199 com.
1271 1130 1277 1222 s
1300 1173 1304 1183 .

175 1230 296 1325 plexus
319 1252 412 1310 sum3
437 1230 533 1297 Vitae
560 1230 597 1295 ιιι
625 1233 714 1297 aliud
746 1242 877 1319 tempus
898 1232 1103 1317 rejiciuntur.
1148 1237 1193 1303 Et

171 1338 349 1425 'superiore
378 1347 465 1400 anno
495 1333 631 1401 Parisiis
659 1337 832 1423 plerosque
848 1335 961 1422 regiae
981 1337 1193 1404 bibliothecae

178 1438 438 1528 scriptoslibros
458 1440 528 1527 ipse
550 1439 700 1520 excussi,
730 1461 775 1504 ex
803 1437 922 1524 quibus
950 1439 1074 1504 miram
1105 1441 1194 1527 opti·
1245 1509 1247 1514 ,
1278 1444 1281 1457 '

177 1562 313 1609 marum
340 1541 521 1606 lectionum
549 1543 620 1606 vim
650 1542 777 1626 collegi
837 1541 878 1606 In
906 1564 945 1606 ea
971 1541 1054 1606 urbe
1081 1544 1197 1610 multis
1231 1614 1236 1627 ,
1307 1607 1308 1610 ,

109 1704 111 1709 .
178 1644 266 1709 mihi
286 1655 362 1730 part
349 1642 436 1708 tibus
458 1645 549 1709 utilis
569 1643 633 1708 fuit
645 1642 680 1708 V
681 1641 835 1711 dlotsom
847 1643 1045 1723 humanitas,
1068 1667 1125 1745 qul
1116 1640 1200 1710 vel

104 1732 106 1736 Γ
173 1769 269 1863 ιιιιιιι
290 1746 345 1810 vel
366 1746 455 1843 solus
479 1736 654 1813 Gallorum
674 1748 789 1812 veram
799 1739 987 1813 literarum
1006 1760 1198 1815 nostratum

119 1837 125 1845 “
170 1849 348 1915 'rationem
368 1838 524 1939 viamque
545 1847 712 1939 sequitur:
733 1872 753 1913 a
774 1870 839 1934 qua
857 1871 900 1913 ne
915 1848 1040 1917 civium
1059 1874 1198 1918 suorum

180 1952 313 2018 levitate
342 1951 523 2020 deducatur
553 1973 632 2038 cum
661 1950 858 2020 Ruhnkenii
887 1951 995 2019 nostri
1023 1967 1229 2042 praecepta.

181 2050 345 2122 cavebunt
373 2067 446 2122 tum
468 2046 546 2143 Tua
566 2053 693 2120 monita
714 2055 814 2121 etiam
814 2056 1058 2145 providebunt
1079 2058 1200 2144 quibus

172 2146 245 2249 'per
266 2138 656 2245 literas,utmihi1pse
677 2150 786 2242 dixit,
794 2179 814 2220 a
819 2158 928 2247 Tg
909 2159 1069 2227 eruditur.
1112 2161 1199 2228 Γοι-

115 2329 121 2346 ,
177 2268 270 2329 tasse
286 2262 356 2347 jam
377 2261 457 2326 scias
477 2258 673 2332 Ruhnkenii
695 2254 866 2344 Vellejum
893 2273 926 2328 et
946 2263 1051 2331 vitam
1072 2261 1201 2350 Longi
1262 2287 1267 2303 ·

157 2365 222 2450 ,ιιι
256 2388 275 2430 a
310 2362 568 2478 chalcographia
611 2361 760 2427 describi.
822 2364 1048 2434 Valkenariue
1082 2366 1202 2432 Xeno.

99 2540 104 2550 .
185 2468 322 2560 phontis
343 2463 423 2532 Hell
425 2463 517 2530 enisa
538 2485 618 2532 cum
640 2460 799 2549 Agesilao
822 2465 913 2548 edet,
933 2489 1033 2552 quem
1054 2466 1203 2538 libellum

176 2562 328 2661 'exposit
318 2594 346 2635 rs
374 2566 556 2660 rationibus
584 2566 768 2657 spurium
766 2590 836 2651 esse
863 2566 992 2641 evincit
1034 2570 1203 2658 Propertii
1284 2632 1287 2641 .

179 2670 431 2741 ”Burmarrniani
450 2668 520 2755 jam
525 2662 612 2735 fere
633 2670 768 2739 dimidia
794 2694 872 2761 pars
893 2673 984 2764 typis
1006 2687 1053 2738 est
1075 2675 1204 2743 descri-

186 2791 260 2866 pta:
288 2776 358 2862 ejus
388 2767 729 2839 animadtersionibus
756 2774 979 2838 admiscentur
1005 2774 1203 2842 Ruhnkenii
1246 2784 1252 2791 '
1292 2777 1294 2783 ’

177 2880 351 2968 ‹quaedam
373 2889 407 2944 et
427 2875 618 2942 Marklandi
638 2854 892 2944 observationes.
955 2875 1094 2941 Tollius
1110 2874 1203 2944 H'ar-
1230 2884 1234 2889 ’
1278 2871 1295 2911 7

188 2981 388 3048 dewicensis
414 2976 656 3066 Apollonium,
683 3001 791 3067 nuper
818 3003 838 3044 a
859 2979 1046 3047 Villoisono
1067 2980 1203 3062 editum,

177 3085 259 3157 ranis
295 3079 630 3149 animadversionibus
665 3082 864 3149 instructum
900 3083 983 3163 edit,
1023 3083 1204 3172 Nouioquo
1305 3097 1309 3107 ’

160 3259 165 3267 ,
183 3187 366 3256 Marcello
375 3206 472 3274 suam
491 3205 606 3249 curam
627 3207 829 3273 operamque
850 3184 985 3249 addixit.
1082 3206 1085 3217 ·
1230 3272 1233 3277 4

116 3362 121 3370 ,
273 3290 333 3355 Tu
351 3310 433 3353 vero
453 3285 558 3370 hujus
579 3286 820 3372 elegantiarum
848 3287 1042 3374 disciplinae
1055 3288 1207 3373 *antidea

101 3400 120 3435 ν’
190 3395 266 3459 arce
276 3414 283 3420 ··
293 3393 337 3456 ab
350 3424 352 3428 v
364 3413 403 3455 ea
429 3386 652 3476 profanorum
672 3391 891 3456 temeritatem
912 3387 954 3451 ab
976 3409 1080 3474 eaque
1099 3393 1205 3459 socios

188 3505 328 3559 tuorum
354 3495 526 3559 sacrorum
560 3492 707 3563 vindicax
722 3506 820 3578 atque
848 3504 958 3570 turres
996 3491 1032 3556 in
1060 3517 1205 3580 quorum

149 3604 152 3616 '
181 3595 379 3663 societatem
401 3595 429 3659 si
450 3614 505 3660 me
527 3617 658 3682 quoque
679 3596 860 3678 adscribas,
882 3608 954 3660 tum
975 3609 1128 3682 menter
1148 3620 1205 3663 er·
1256 3582 1260 3657 s

188 3720 231 3786 ga
259 3718 325 3761 rne-
343 3693 442 3762 facies
469 3711 543 3765 tum
572 3698 672 3764 etiam
692 3695 885 3765 honorifice.
942 3697 993 3763 Ita
1020 3700 1104 3781 vale,
1136 3698 1206 3763 Vir

180 3822 337 3882 summe,
366 3820 491 3887 meque=
509 3814 567 3885 tua¹
589 3801 810 3868 benivolentia
831 3800 1060 3891 amplectere.
1119 3798 1208 3869 Dab.

188 3898 228 3976 in
247 3924 328 3992 agro
346 3900 513 3977 deonri·
541 3928 571 3973 a.
597 3903 627 3970 d.
652 3927 692 3988 ιο
713 3904 803 3995 Aug.
818 3903 913 3994 1776.
