2626 4524
190 278 236 350 62
403 334 407 340 ,
592 300 803 335 κωκυ·

184 457 288 510 eunte
307 441 441 530 Hyeme
463 436 690 519 inolroabitur3
715 441 755 507 de
783 440 893 509 forma
915 455 947 508 et
967 448 1090 533 pretio,
1118 471 1208 514 non·

134 610 136 615 .
187 547 269 616 dum
290 548 376 612 mihi
398 548 613 613 constitutum
635 559 693 611 cat.
744 546 873 612 Reiskii
893 560 986 612 notas
1008 549 1043 615 iu
1066 551 1208 640 Euripi-
1290 590 1298 607 ·

184 652 263 718 dem
282 673 350 716 non
372 651 437 716 nisi
459 649 586 714 duabus
608 647 728 715 abhinc
748 649 940 735 septimanis
958 652 1047 731 vidi3
1068 655 1158 720 dedit
1171 659 1208 723 in

184 756 226 823 iis
249 757 355 820 multa
369 747 499 840 ingenii
520 748 717 841 specimina,
746 752 813 818 s'ed'
824 749 929 839 plura
946 757 1110 828 audaciae.
1165 762 1207 827 Iu
1234 776 1239 787 ’

184 858 393 944 Anthologia
414 874 503 924 nova
522 855 628 923 multo
643 854 779 923 ¹felicior
808 869 867 922 est.
916 857 987 924 -Tui
1007 861 1207 932 Callimachi

185 950 415 1048 expectatione
435 960 631 1044 jamdudum
652 958 770 1041 ardeo3
791 983 860 1027 non
881 961 982 1027 modo
1004 977 1042 1030 ut
1056 967 1206 1033 admira-

185 1063 260 1131 bilis
282 1064 352 1129 Tui
374 1063 497 1150 ingenii
520 1061 799 1152 contemplatione
821 1065 978 1148 delecter,
1006 1068 1065 1133 sed
1092 1084 1130 1136 ut
1151 1071 1205 1137 Te
1282 1101 1285 1105 ·

184 1170 285 1235 etiam
308 1177 344 1232 in
364 1166 493 1233 edendo
513 1167 712 1254 exemplum
731 1163 883 1237 habeam.
928 1169 1018 1238 Vale
1034 1171 1098 1237 Vir
1111 1177 1204 1240 Eru-

182 1271 345 1340 ditissim'e
364 1292 486 1358 meque
508 1292 596 1339 ama.
638 1270 802 1351 Londiui,
823 1272 909 1360 Maji
930 1273 1040 1363 primo
1066 1277 1158 1361 1758.

475 1498 479 1531 ζ
569 1496 790 1539 ΙΙιιι-ιιι-ιιιιιιιφ
892 1529 897 1539 ,

518 1686 697 1764 EPIST.
735 1688 884 1764 XXlL'

302 1882 305 1889 ·
400 1827 974 1929 totuamuasrt
1073 1816 1103 1837 ⁸

524 2030 604 2092 uino
632 2021 852 2107 concarnatus

484 2228 497 2265 t
554 2206 559 2217 ·
614 2173 751 2229 S.P.D.

202 2328 207 2335 ·
292 2356 300 2373 ·
403 2289 906 2387 'sauounanooaa

176 2572 298 2680 Haud
318 2611 428 2677 levem
448 2610 535 2676 milri
555 2613 721 2700 pudorem
742 2612 857 2697 injecit
867 2612 1047 2679 hodiernus
1057 2610 1196 2679 'tuarum
1235 2656 1238 2661 -

174 2713 382 2792 litterarum,
405 2736 487 2801 quas
508 2710 734 2804 praecedentis
754 2717 841 2783 anni
854 2740 968 2784 mense
989 2714 1130 2782 Octobri
1151 2715 1200 2781 ad'

169 2836 233 2905 rme
253 2815 394 2893 dedisti‚‘
409 2833 611 2906 conspectus.
660 2819 741 2885 Illae
768 2843 845 2887 mea
874 2820 1037 2888 memoria
1056 2820 1111 2885 vel
1132 2840 1195 2907 po·
1286 2886 1288 2891 .

175 2923 242 2992 tius
267 2922 379 2988 animo
400 2921 532 3008 penitus
554 2923 756 2991 exciderant.¹
800 2923 901 3012 Quod
921 2930 1033 2997 tamen
1052 2947 1096 2989 ne
1118 2924 1195 2990 exi·

175 3022 303 3106 santes,
326 3042 466 3111 quaeso',
485 3028 543 3092 vel
560 3027 758 3114 negligentia
777 3012 994 3110 uel'minore,
1017 3049 1119 3115 quam
1134 3028 1195 3094 de-

174 3146 244 3214 cet,
274 3131 324 3197 tui
353 3131 561 3196 observantia
588 3129 724 3200 factum.
773 3132 837 3198 Sed
857 3131 950 3219 quod
970 3152 1010 3197 eo
1023 3144 1194 3221 tempore,

177 3250 245 3324 quo
266 3242 380 3305 noster
400 3218 624 3302 Ruhnkenius
646 3236 683 3300 in
704 3234 830 3301 Gallias
846 3233 1006 3301 abiturus
1035 3259 1088 3303 eas
1107 3234 1194 3299 mihi

175 3339 318 3415 tradidit,
338 3340 538 3423 domesticis,
558 3360 710 3427 quaeque
729 3338 817 3404 nihil
835 3358 913 3405 oum
935 3336 1049 3404 studiis
1070 3336 1194 3403 nostris

174 3464 355 3512 commune
382 3443 521 3526 habent,
549 3443 689 3530 negotiis
708 3440 976 3530 occupatissimus
998 3440 1071 3507 illas
1093 3438 1192 3529 sepo-

174 3549 253 3629 iui,'
272 3571 310 3612 ac
339 3569 400 3634 per
427 3549 604 3615 continuos
632 3547 760 3633 aliquot
784 3546 855 3613 dies
884 3544 1064 3619 districtior
1090 3546 1132 3611 de
1151 3545 1193 3610 iis

174 3653 265 3722 baud
282 3652 434 3736 cogitavi.
456 3653 512 3721 Sic
526 3652 600 3751 aliis
612 3652 745 3718 interim
762 3650 1008 3718 suborientibus.
1027 3649 1136 3731 rebus,
1158 3646 1202 3713 et*

174 3757 404 3849 accedentibus
425 3756 624 3842 quotidianis
644 3754 814 3821 laboribus
836 3755 941 3845 elapsi
962 3765 1041 3820 sunt
1065 3752 1191 3839 aliquot

173 3878 319 3942 menses,
345 3879 409 3950 per
436 3880 517 3947 quos
544 3866 582 3924 in
605 3860 689 3924 meis
710 3857 839 3945 scriniis
859 3859 1033 3945 jacuerunt
1054 3856 1191 3944 elegan-

58 4054 61 4059 .
171 3966 319 4047 timimae
340 3963 640 4052 Tusa-simitum
657 3962 879 4034 amicissimas
900 3958 1095 4045 (oenfiteor,
1120 3954 1190 4025 hu-
