2626 4524
473 539 653 637 uri-su
685 539 823 611 xxix.

281 728 379 772 vrso
407 718 1012 793 cusurssruo‚euuu1r1ssruo‚j

323 941 325 944 y
389 866 909 951 10.AUG.Equs'r1,
1021 902 1024 907 -

603 1020 630 1078 s.
652 1023 687 1077 u.

266 1149 269 1154 ’
338 1175 396 1228 10.
432 1170 629 1225 rtcoeus
658 1162 960 1230 suurrr'uouu'·

81 1512 89 1527 .
136 1424 196 1535 Et
217 1471 305 1526 recte
326 1458 368 1523 ad
388 1478 443 1524 me
463 1455 593 1549 perlato¹
613 1478 682 1523 esse
702 1469 735 1523 et
754 1450 904 1545 impense
922 1457 1023 1542 ‘gruta
1042 1451 1157 1533 fuisse,

134 1591 221 1655 quae
236 1564 408 1652 superiore
422 1563 491 1646 jam
512 1578 601 1627 auno
622 1560 664 1626 ad
684 1582 741 1627 me
761 1560 879 1626 dedisti
900 1582 1042 1625 munera
1063 1557 1155 1623 litte-

132 1671 239 1750 raria,
260 1667 324 1734 nisi
344 1667 478 1734 taudem
498 1665 678 1752 aliquando
699 1665 809 1731 verbis
828 1676 984 1730 testatum
996 1663 1153 1740 facerem,

131 1789 164 1842 et
184 1775 222 1839 in
244 1770 374 1858 singula
393 1768 514 1855 gratias
537 1789 687 1854 agerem,
719 1790 783 1833 nae
812 1791 873 1855 ego
895 1768 1014 1833 merito
1036 1767 1154 1850 ingra-

129 1893 184 1946 tus
213 1875 295 1942 Tibi
322 1871 465 1937 viderer.
523 1870 675 1958 Cognovi
703 1882 816 1937 autem
845 1890 890 1937 ex
916 1868 1152 1936 Plattnerianio
1237 1874 1240 1879 '

128 1981 194 2046 illis
216 1975 438 2052 orationibus,
459 1994 544 2059 quae
567 1984 756 2059 quantaque
778 1974 874 2039 Tuae
894 1973 1059 2039 amicitiae
1074 1994 1152 2037 uon

12 2060 17 2081 ⁸
59 2083 65 2097 '
123 2079 414 2157 intermoriturae3
444 2099 489 2141 ex
509 2075 759 2164 Xepophontiis
780 2075 900 2144 libellis
922 2076 1008 2144 Tuis
1030 2075 1171 2164 auspi·⁴

32 2179 36 2191 ’
126 2187 186 2255 ciis
209 2185 314 2263 editis,
337 2201 424 2269 quae
445 2180 542 2245 Tuae
563 2179 742 2259 doetrinae,
764 2179 900 2266 Tuique
921 2179 1082 2268 exempli,
1103 2199 1149 2244 ex

27 2370 30 2376 ι
127 2287 316 2357 academice
342 2308 424 2351 vero
453 2284 530 2351 Tua
556 2271 767 2366 Prolusione‚
795 2302 880 2370 quae
908 2283 978 2349 Tui
1011 2281 1150 2370 ingenii,

127 2394 290 2477 Tuaeque
316 2387 509 2477 Sapientiae
530 2385 581 2451 vis
603 2385 663 2468 sit,
693 2409 834 2473 eamque
862 2388 899 2452 iu
919 2387 973 2453 his
994 2386 1155 2480 omnibus
1230 2391 1233 2395 '

88 2568 92 2583 ‚
124 2495 224 2561 valde
250 2494 414 2558 admiror.
470 2488 710 2587 Maximopere
736 2500 849 2559 autem
879 2491 1063 2557 delectabar
1091 2491 1149 2555 illa

128 2601 207 2665 Tua
233 2595 430 2667 Prolusione
451 2593 658 2672 ¹domimica,
698 2614 765 2679 qua
792 2595 885 2683 vulgi
906 2616 1056 2662 errorem
1076 2617 1168 2662 non.

3 2756 12 2773 ,
125 2710 357 2789 postremum,
380 2695 437 2782 qui
457 2694 559 2760 variis
581 2694 689 2761 illudit
708 2699 859 2786 panibus
880 2711 913 2767 et
933 2718 1068 2763 omnem
1090 2696 1147 2760 in.

126 2801 398 2891 terpretationem
419 2797 554 2863 dubiem
575 2809 609 2864 et
626 2799 790 2868 ineertum
811 2804 932 2885 reddit,
958 2803 1004 2867 ita
1024 2799 1146 2888 profli-

125 2931 200 2996 gas,
229 2920 267 2972 ut
294 2925 430 2969 omnem
455 2903 752 2986 Hermeneuticam
781 2906 965 2972 doctrinam
993 2904 1035 2970 ad
1063 2906 1145 2970 uni-

124 3034 204 3077 cum
225 3022 435 3093 certumque,
457 3007 612 3091 idemque
626 3011 849 3075 necessarium
864 3009 1074 3098 principium
1087 3030 1146 3074 re·

123 3136 239 3196 voces,
268 3136 288 3179 a
309 3134 375 3197 quo
396 3111 425 3177 si
446 3109 675 3193 discedemus,
704 3113 788 3178 nihil
808 3115 929 3194 obstat,
962 3113 1144 3200 quominus
1240 3126 1244 3133 ’

122 3204 269 3285 cuiusvis
299 3215 391 3302 aegri
417 3214 547 3279 somnia
574 3236 638 3304 pro
666 3237 749 3299 vero
776 3239 816 3282 ac
835 3218 981 3305 genuino
1002 3215 1142 3298 alicujus

122 3321 301 3407 scriptoris
321 3341 421 3386 sensu
441 3317 573 3384 obtrudi
594 3320 689 3386 uobis
710 3320 887 3408 patiamur.
930 3320 1045 3409 Atque
1065 3317 1143 3385 satis

121 3435 268 3502 constat,¹
294 3443 455 3507 quorsum
474 3421 624 3513 prolapsi
645 3423 771 3490 fuerint
790 3424 957 3511 'plerique
983 3422 1143 3514 proxime
1248 3468 1253 3483 .

39 3538 42 3544 “
78 3520 84 3547 “
121 3525 302 3614 superioris
319 3527 431 3592 aetatis
445 3526 656 3613 Interpretes‚
675 3528 734 3614 qui
750 3528 979 3615 superstitioso
995 3524 1142 3613 qubdum

120 3631 158 3698 iu
189 3628 300 3695 divina
326 3629 461 3694 oracula
488 3631 609 3701 affeetu
635 3630 700 3698 sibi
728 3631 870 3716 aliisque
890 3643 1141 3720 persuaserunt,

120 3729 279 3800 immnui
300 3750 473 3821 serrorum
495 3733 659 3800 librorum
680 3734 892 3823 dignitatem,
913 3736 942 3800 si
957 3735 999 3800 ad
1013 3734 1140 3800 huma-

118 3861 181 3904 nae
203 3836 282 3902 artis
301 3849 477 3922 praecepta
498 3839 691 3922 exigantur,
713 3839 923 3905 sublimiores
945 3852 977 3905 et
996 3835 1140 3902 foecun-

34 3978 47 3999 .
120 3941 228 4007 diores
253 3963 322 4006 esse
351 3938 484 4004 divinae
511 3943 631 4012 mentis
657 3965 790 4027 sensus,
821 3966 924 4030 quam
951 3954 989 4009 ut
1018 3940 1139 4008 iisdem
