2626 4524
248 398 251 409 ¹
269 411 415 492 Vellem,
436 412 724 479 commendatione
744 416 831 499 Tua,
852 418 900 483 mi
915 417 1066 500 Ernesti,
1087 421 1194 491 Guel-

180 517 335 607 pherhyti
347 517 498 584 notitiam
512 517 705 584 contrahere
722 542 856 607 possem
867 545 947 589 cum
960 525 1035 588 viro
1048 508 1195 610 quodam

180 625 317 690 Graecis
338 621 442 688 literis
464 619 608 687 exculto.
659 622 719 713 Est
750 625 897 691 enimin
918 625 973 690 illa
994 625 1194 697 bibliotheca

177 716 264 813 uirus
286 712 412 791 alterve
424 724 554 805 Codex,
576 726 669 810 cujus
690 726 777 793 mihi
796 751 879 818 opus
901 742 948 795 est
963 728 1193 801 Variantibus.

176 831 254 917 Qua
275 829 315 895 de
335 832 384 910 re,
402 828 465 894 nisi
487 851 588 915 grave
609 843 675 909 est,
701 828 801 895 'facies
822 854 878 896 me
900 831 1085 913 certiorem.
1128 837 1191 902 Sa-
1235 863 1244 880 2
1272 891 1273 894 ,

173 938 256 1005 lutat
276 933 327 999 Te
348 931 633 1015 Hemsterhusius,
656 945 688 997 et
709 946 782 999 tum
803 933 1047 1001 Callimachum
1062 937 1188 1018 Tuum,
1212 957 1218 964 “
1244 920 1248 961 ³

53 1020 59 1035 '¹
171 1055 261 1111 turns
276 1037 463 1126 Epistulam
492 1036 665 1115 Criticam‚
693 1058 794 1122 quam
824 1038 906 1106 olim
934 1037 970 1103 in
997 1038 1190 1110 Luciauum
1263 1050 1267 1057 '

53 1215 56 1220 ,
170 1144 313 1212 scribere
334 1137 537 1228 promisisti,
560 1139 683 1225 cupide
701 1161 842 1222 mecum
855 1126 1033 1228 exspectat.
1088 1144 1186 1226 Vale,

170 1249 219 1311 mi
241 1241 436 1325 amicissime
457 1241 606 1327 Eruesti,
627 1262 766 1328 meque,
789 1255 827 1309 ut
848 1266 954 1327 amas,
975 1266 1059 1313 ama.
1099 1247 1185 1314 Dab.
1297 1250 1307 1257 ’

169 1348 302 1420 Leidae.
325 1345 357 1413 d.
380 1343 430 1413 28·
453 1343 563 1433 April.
588 1343 679 1430 1756.

568 1580 776 1596 Μ

516 1736 696 1809 urrsr.
728 1685 835 1810 vna

438 1927 599 1967 vano
650 1925 895 1980 scurae,

459 2122 464 2131 ,
499 2068 520 2118 1.
549 2063 832 2133 asauasro

350 2217 387 2281 D.
430 2218 796 2278 RUHNKENIUS
836 2219 864 2270 8.
887 2218 917 2268 Ρ.
939 2218 975 2271 D.

580 2383 745 2402 *-

155 2472 232 2575 De
258 2505 430 2571 honorum
458 2501 686 2599 incrementis,
719 2520 806 2584 quae
830 2498 868 2568 in
888 2500 996 2586 patria
1017 2501 1094 2566 Tua
1114 2524 1189 2581 car
1228 2585 1231 2589 1
1287 2537 1309 2568 .·

151 2611 223 2698 pia,
245 2605 330 2672 ‘Tibi
351 2605 450 2670 etiam
473 2616 571 2688 atque
593 2603 694 2667 etiam
715 2600 874 2686 gratulor.
927 2601 1017 2666 Illud
1039 2615 1195 2669 tantum-
1233 2688 1241 2695 α

151 2731 289 2788 vereor,
304 2758 306 2764 .
319 2729 362 2772 ue
380 2706 480 2787 noui,
508 2707 568 2791 qui
595 2705 676 2770 hinc
704 2717 904 2787 nascuntur,
924 2706 1070 2791 labores,
1089 2706 1175 2773 Tibi

152 2810 352 2878 Callimachi
379 2810 443 2875 hoc
471 2832 559 2874 anno
587 2798 778 2873 absoluendi
800 2805 992 2900 facultatem
1013 2810 1169 2899 eripiant.

149 2918 281 2982 [nterea
308 2913 574 3003 spanhemianus
595 2911 871 2979 Commentarius·
892 2913 990 2999 prelo
1013 2915 1171 2999 subjicio·-
1190 2908 1200 2995 ’,

148 3035 214 3087 tur.
256 3021 311 3089 Dc
331 3017 446 3105 Epigr.
466 3028 500 3082 et
525 3017 659 3104 Fragm.
674 3015 832 3109 versione
852 3039 922 3082 non
943 3017 1041 3089 aliam
1054 3018 1166 3085 Hem-

147 3124 246 3191 sterh.
278 3122 376 3189 habet
405 3120 577 3186 dubitandi
604 3143 772 3200 caussam,
803 3141 905 3206 quam
933 3122 1022 3206 quod
1050 3123 1165 3190 multia

145 3228 227 3294 locis
241 3227 379 3315 indigna
399 3236 449 3291 est
460 3223 708 3311 Bentlcjo,.nec
723 3223 970 3292 accommodata
985 3225 1028 3294 ad
1048 3225 1164 3290 certia-

146 3331 266 3406 simas,
287 3353 368 3416 quas
389 3331 580 3397 intextum
599 3328 744 3417 recepit,
763 3327 1019 3404 emendationes,
1067 3327 1162 3407 Idem

144 3435 188 3499 «le
208 3434 444 3522 conjungendis
472 3436 617 3502 eliorum
641 3433 837 3521 fragmentis
856 3454 936 3500 cum
956 3430 1178 3516 Benttajanis,

142 3561 279 3606 mecum
298 3537 415 3616 sentit3
443 3561 506 3604 nec
519 3538 719 3628 repetendas
740 3560 811 3605 essa
829 3527 1073 3604 oenoetvoetii
1093 3560 1159 3603 no-

40 3692 43 3701 ·
141 3658 208 3727 tas,
235 3640 347 3708 futiles
376 3654 463 3707 certe
493 3654 525 3708 et
553 3642 751 3735 perineptaa·
801 3638 979 3711 Friachlini
1002 3640 1182 3707 Atinate-⁴

141 3749 249 3814 tiones
271 3765 476 3834 quamquam
496 3759 529 3812 et
546 3746 639 3832 ipsae
659 3744 747 3812 hauc
767 3745 941 3813 literarum
962 3746 1073 3811 lucem
1096 3743 1158 3810 vix

32 3856 36 3865 '
140 3850 232 3916 ferre
259 3861 411 3941 possum,
446 3849 519 3915 ideo
550 3865 681 3942 tamea,
717 3850 784 3919 nisi
815 3848 874 3917 Tu
907 3849 1001 3917 aliter
1032 3848 1157 3933 jubeas,

46 4026 50 4035 ,
140 3968 220 4021 suut
246 3953 430 4034 iterandae,
468 3955 556 4039 quod
583 3952 707 4043 passim
733 3977 755 4018 a
783 3953 987 4043 spanhemio
1016 3952 1157 4038 aliisque
1231 4050 1233 4055 .
