2626 4524
192 283 238 359 70
369 289 371 293 ·
590 254 878 321 Μ’
966 288 988 339 t*
1141 234 1144 239 Ι

183 426 312 492 tiones=
335 445 404 492 non
428 419 609 488 defuerunt
630 432 746 488 tamen
768 421 869 488 etiam
891 433 1106 512 argumenta,
1127 448 1214 514 quae
1274 414 1278 425 ’

184 552 240 595 me
261 527 433 592 interdum
455 518 497 591 ad
519 523 678 591 meliores
699 548 774 615 spes
796 540 1012 593 revocarentz
1033 529 1105 616 Ego
1120 530 1214 595 enim

184 652 361 719 nunquam
390 631 544 694 animum
571 624 688 693 meum
718 629 880 695 inducere
906 630 1022 719 potui,
1061 643 1100 696 ut
1125 633 1214 699 mihi

185 735 445 826 persuaderem,
476 731 609 799 Clariss.
639 719 776 797 Ernesti
796 730 845 796 ita
865 752 1045 819 morosum*
1062 757 1100 800 ao
1121 734 1214 800 diffi-

176 839 288 904 cilem
311 860 398 916 esse,
428 848 467 900 ut
486 833 592 924 possit
611 847 761 900 mentem
781 835 876 901 omni
897 837 1007 902 studio
1030 859 1068 902 ao
1088 839 1214 926 pietate

171 940 248 1027 'siti
271 940 435 1017 deditam,
467 937 574 1024 qualis
600 958 677 1004 mea
703 937 862 1031 iudetex·
885 961 926 1003 eo
953 949 1107 1028 tempore
1137 940 1214 1021 fuit,

107 1048 109 1058 '
186 1067 233 1109 ex
263 1064 330 1128 quo
358 1040 531 1130 praeclara
552 1041 629 1107 Tua
659 1039 822 1107 defoecati
848 1042 975 1129 ingenii
1001 1053 1036 1107 et
1055 1042 1216 1109 acerrimi

185 1145 305 1214 iudicii
326 1153 547 1221 monumenta
568 1163 766 1229 cognoscere
788 1166 828 1208 ac
850 1145 1011 1215 admirari
1023 1146 1138 1212 datum
1154 1158 1215 1228 eet,

186 1250 360 1338 aspernari
394 1267 532 1335 prorsus
566 1247 666 1332 atque
700 1245 897 1333 repudiare:
931 1247 1150 1336 ‘Quinimmo
1180 1259 1215 1314 et

186 1356 259 1446 ipse
272 1351 449 1418 Locherus
470 1361 584 1415 noster
607 1370 654 1414 ex
672 1348 796 1414 ‘itinere
817 1349 929 1415 redux
951 1371 1021 1417 nou
1040 1353 1113 1418 sine
1134 1375 1216 1440 gra·

102 1494 104 1499 ·
184 1457 212 1523 ti
234 1456 342 1521 animi
363 1450 592 1519 testificatione
614 1451 699 1516 mihi
720 1451 951 1534 confirmavit,
981 1474 1095 1519 meam
1116 1472 1215 1521 com·

186 1558 442 1624 mendationem
462 1578 622 1644 magnum
643 1556 733 1645 apud
750 1556 802 1621 Te
822 1555 952 1641 pondus
969 1555 1146 1623 habuisse:
1168 1556 1227 1622 Et·

188 1684 297 1750 quum
321 1660 444 1727 deiude
461 1659 529 1727 illa'
543 1659 584 1725 de
597 1658 682 1725 Fide
697 1659 854 1737 maiorica
866 1656 1083 1740 Dissertatio,
1104 1681 1216 1745 quau-

187 1787 292 1851 quam
313 1764 388 1829 eine
409 1764 485 1829 ullis
509 1762 595 1827 Tuis
616 1762 754 1837 litteris,
780 1759 821 1824 ad
843 1781 900 1824 me
922 1775 1008 1827 esset
1028 1762 1154 1845 delata,
1181 1773 1215 1829 et

185 1868 260 1955 ipsa
287 1887 420 1952 quoque
448 1864 534 1929 mihi
561 1864 666 1931 fidem
686 1863 783 1943 fecit,
813 1860 866 1927 Te
887 1870 959 1928 non'
977 1865 1113 1950 penitus
1135 1887 1213 1937 ome

184 1992 266 2037 nem
286 1968 356 2035 mei
377 1967 578 2033 memoriam
593 1967 826 2054 deposuisses,
844 1967 924 2033 Huc
948 1969 1102 2047 accessit,
1124 1969 1214 2056 quod

186 2074 275 2139 circa
295 2070 529 2159 Septembrem
550 2068 631 2135 anni
652 2068 987 2139 MDCCXXXXVI
1009 2070 1145 2157 quidam
1166 2092 1226 2138 ex·
1255 2112 1260 2127 ι

188 2158 384 2265 diflplinse
411 2175 519 2243 :Tuae
555 2171 718 2247 alumnis,
756 2171 823 2259 qui'
852 2172 1037 2243 Mercatori
1072 2174 1212 2248 nostrati

188 2303 327 2370 operam
348 2300 446 2347 suam
464 2277 652 2364 locaverat,
681 2276 803 2342 adhue
826 2299 904 2343 oras
921 2290 1052 2345 nostras
1073 2278 1211 2359 delatus,

187 2407 294 2472 quum
315 2390 558 2472 per.semestre
579 2373 654 2443 fere
673 2379 838 2466 spatium,
868 2402 935 2466 quo
962 2381 1053 2471 apud
1075 2405 1135 2447 nos
1156 2380 1211 2447 ‹li-

167 2499 348 2565 -verterat‚
370 2483 543 2568 aliquoties
565 2480 654 2572 apud
671 2496 730 2555 ine
752 2482 930 2563 inviseret,
952 2485 1042 2553 inter
1063 2485 1147 2553 alios
1169 2484 1213 2550 de

113 2640 116 2645 .
187 2591 241 2656 'l'c
277 2607 447 2653 sermones
482 2581 690 2649 confidenter
723 2580 923 2668 affirmavit,
962 2588 1212 2673 Breitingerum

189 2712 262 2754 esse
291 2689 404 2772 aliquo
433 2688 521 2774 apud
549 2686 601 2752 Te
631 2683 718 2751 loco.
775 2688 872 2755 Idem
899 2706 981 2756 vero
1009 2689 1066 2754 ille
1092 2690 1211 2774 homo,
1299 2670 1305 2713 ⁴

187 2793 283 2877 cujus
313 2813 438 2856 nomen
465 2791 535 2872 jam
560 2811 629 2853 non
657 2788 838 2869 succurrit,
865 2814 922 2858 me
950 2791 983 2858 el
1002 2793 1213 2863 Bodmerum

187 2918 321 2975 meum,
344 2894 404 2982 qui
425 2892 505 2961 Tibi
524 2890 667 2959 mirifice
688 2890 795 2974 favet,
816 2893 908 2960 haud
927 2882 1048 2964 'leviter
1069 2899 1214 2987 perculit

188 3001 276 3068 tristi
299 2997 424 3067 ‘nuntio
452 2996 494 3069 de
522 2994 718 3091 gravissimo
747 2997 887 3082 quicum
907 3001 969 3065 sub
990 3013 1122 3091 tempus
1143 3003 1225 3070 dis·-¹

188 3126 299 3169 cessus
321 3099 373 3165 sui
395 3096 505 3164 'fueris
526 3097 734 3173 conflictatus
754 3101 892 3179 morbo,
914 3116 953 3169 ut
973 3127 1036 3172 nos
1058 3107 1100 3172 de
1118 3107 1212 3193 salu*

187 3217 221 3270 te
237 3205 315 3274 Tua
326 3224 450 3291 parum
469 3222 606 3288 sperare
624 3200 772 3285 juberetz
793 3227 814 3269 a
826 3226 895 3290 quo
909 3204 962 3272 Te
978 3221 1103 3285 eutem,
1125 3228 1212 3295 quae

188 3307 365 3394 singularis
394 3304 449 3371 dei
476 3303 661 3390 benignitas
689 3318 755 3386 est,
789 3305 860 3392 jam
888 3313 1062 3401 asperiore
1088 3323 1212 3379 aestate
1240 3302 1244 3309 ¹

189 3411 446 3477 itarecreatum
467 3432 506 3474 ac
526 3405 762 3475 confirmatum
784 3409 885 3479 fuisse
900 3415 1035 3492 scribis,
1055 3426 1096 3481 ut
1108 3438 1214 3504 prae·

188 3525 240 3577 ter
261 3509 333 3593 ejus
354 3512 554 3581 memoriam
574 3509 659 3577 nihil
683 3515 808 3581 exilio
829 3518 921 3584 malo
952 3519 1125 3605 reliquum
1157 3519 1211 3584 vi-

188 3615 322 3679 deatur:
343 3611 384 3677 de
406 3633 473 3699 quo
495 3614 594 3695 Tibi,
610 3616 721 3702 magis
743 3630 856 3691 autem
878 3622 1114 3688 communibus
1133 3619 1212 3685 Lit-

186 3715 287 3792 teris,
308 3714 533 3798 gratulamur,
559 3729 659 3802 atque
688 3730 726 3783 ut
754 3743 794 3785 ea
814 3720 953 3789 felicitas
974 3714 1137 3812 perpetua
1159 3722 1212 3803 sit,
1274 3746 1277 3751 ·

188 3840 233 3881 ox
254 3817 367 3883 animo
387 3837 585 3906 precamur-2
613 3819 790 3905 Quantum
807 3825 898 3891 enim
914 3827 955 3892 ad
968 3824 1103 3914 publice
1116 3849 1212 3893 com·
1236 3816 1240 3821 ¹

189 3921 289 3985 moda
308 3904 443 3989 intersit
461 3920 514 3986 Te
535 3925 646 3990 valere
666 3936 767 4011 atque
787 3929 884 3999 nobis
906 3951 1101 4018 superesse,
1121 3950 1214 3997 novo
