2626 4524
578 339 809 379 “mm-
939 328 942 333 '
1117 323 1186 411 195

165 446 419 565 temperando,
446 469 587 537 videtur
644 420 761 559 Atque
786 471 827 539 de
857 472 909 541 his
938 478 1079 546 artibus
1076 503 1195 566 nune,

177 591 217 644 ut
236 576 443 667 propositum
466 586 531 655 est,
553 573 708 640 dicemus

264 730 477 794 Primum⁰
445 727 565 814 igitur
568 704 766 804 Consulibus
796 750 896 794 omne
916 724 1027 818 genus
1038 748 1183 822 potesta-

177 833 220 900 tis
241 813 379 911 ademit,
403 830 492 916 quod
513 829 586 894 ad
575 828 755 920 imperium
777 833 910 919 proprie
930 832 1133 921 pertineret,
1147 843 1185 909 iu

177 935 362 1025 primisque
376 953 518 999 ornnem
538 955 587 996 rer
577 932 753 998 militaris
767 947 970 1020 potestatem.
1011 938 1184 1032 Namipee

134 1102 137 1109 .
177 1039 267 1105 solus
288 1038 449 1121 exercitus
473 1035 621 1124 scripsit,
641 1036 750 1117 solus,
760 1058 838 1153 quo
858 1038 987 1121 voluit,
1001 1042 1107 1125 misit,
1128 1060 1185 1111 su·

177 1142 249 1222 lue,
274 1140 391 1226 quibus
411 1139 552 1228 placuit,
572 1128 754 1219 commisit,
777 1137 920 1227 imperio
933 1146 1070 1226 umen,
1095 1149 1183 1234 quod

175 1245 316 1334 propria
331 1242 460 1324 dicitur,
480 1242 690 1318 sibiservato,
712 1241 859 1307 tribunos
879 1241 1024 1312 militum
1038 1261 1183 1336 etprae-

177 1345 280 1417 ieotos
304 1345 560 1427 solus-creavit,
586 1344 774 1432 triumphos
799 1344 940 1431 denique
967 1349 1028 1417 sibi
1052 1364 1083 1418 ot
1103 1348 1183 1431 suae

176 1446 321 1519 familiae
341 1448 532 1514 vindicavit.
586 1448 631 1514 Et
657 1448 813 1534 quoniam
836 1448 994 1516 Consules
1015 1454 1095 1521 olim
1116 1480 1183 1546 po·

175 1552 297 1620 testatis
324 1574 403 1618 suaa
429 1563 540 1640 partas
562 1549 719 1636 quasdam
746 1549 823 1619 aliis,
842 1552 1082 1638 magistratibus
1104 1582 1182 1628 con·

174 1646 621 1736 censerant'iurisdictiouem
632 1652 854 1736 Praetoribus,
868 1654 1013 1724 densum
1028 1680 1193 1729 anorum..¹

176 1779 242 1849 que
253 1757 491 1859 magisterium
513 1754 725 1835 Censoribus,
753 1757 947 1844 p1··0vincias
963 1757 1141 1848 denique
1131 1765 1183 1850 ris,
1239 1736 1255 1823 ,ι

175 1863 294 1965 quibus
322 1853 460 1927 Senatus
478 1858 661 1934 voluisset,
689 1859 804 1924 eadem
832 1863 961 1928 ratione
990 1863 1026 1929 iu
1054 1864 1107 1932 his
1135 1882 1184 1936 est

174 1970 267 2031 ustas.
318 1962 411 2030 Nam
436 1959 646 2027 Prasiorum·
676 1950 810 2048 quidem
838 1958 1036 2053 potestatem
1069 1972 1181 2039 multis

146 2064 281 2143 ,modis
300 2064 431 2129 minuit.
482 2063 640 2129 Censores
664 2074 774 2129 autem
797 2068 935 2131 omnino
953 2073 1106 2153 sustulit,
1135 2075 1183 2139 si

132 2228 134 2231 ,
173 2168 275 2255 litque
290 2168 453 2244 Oeneum,
473 2175 604 2231 senatus
621 2160 847 2251 iudicumque
852 2168 1072 2237 lectionemet
1085 2175 1183 2260 equi·-
1258 2236 1260 2241 .

150 2280 248 2335 tum
278 2266 538 2353 recognitionem
560 2269 742 2354 arrogavit,
775 2281 812 2334 ut
841 2269 912 2358 ipse
935 2271 1022 2338 solus
1046 2296 1183 2344 movere

177 2380 292 2438 uenatu
320 2380 429 2455 posset
459 2383 491 2435 et
520 2369 634 2435 ordine
664 2370 824 2454 equestri,
860 2371 957 2457 eique
988 2376 1181 2460 adscribere,-

175 2490 259 2562 quos
281 2471 390 2537 vellet
447 2473 569 2541 leam
599 2492 702 2559 porro
727 2471 987 2562 provinciarum
1015 2478 1183 2547 rationem

173 2577 222 2645 ito
237 2576 463 2656 commutavit,
486 2588 524 2641 ut
546 2594 600 2640 eas
620 2590 727 2665 prope
750 2592 865 2653 omnes
885 2576 923 2640 iu
944 2592 1102 2666 potestate
1117 2605 1184 2650 sua

174 2679 320 2747 haberet.
366 2680 521 2767 Denique
553 2675 720 2744 Tribunos
741 2677 870 2768 plebis,
901 2700 1044 2764 quorum
1072 2700 1183 2752 entre

175 2783 239 2851 mis
269 2778 470 2869 reipublicae
494 2778 695 2869 temporibus
726 2798 910 2869 permagna
939 2797 1083 2868 potestas
1108 2787 1191 2870 fuit,
1227 2856 1230 2881 Ι

140 2936 144 2943 -
174 2884 308 2970 reliquit
328 2884 383 2950 ille
407 2879 549 2970 quidem,
573 2882 965 2969 exemplopinstitutoque
987 2887 1107 2970 Sullae,
1126 2892 1184 2956 sed

174 2988 240 3068 ile,
261 2997 299 3052 ut
319 2997 452 3076 praeter
471 3004 596 3051 nomen
616 2987 716 3051 inane
734 2984 821 3051 nihil
840 2986 1014 3072 habereut,
1036 3010 1112 3074 cnm
1126 2990 1182 3080 ip.

176 3108 213 3158 ιο
232 3089 305 3156 vim
328 3098 462 3157 ornnem
480 3089 522 3154 ad
542 3112 577 3155 se
599 3088 823 3155 transtulisset.

259 3244 352 3323 lam,
370 3242 460 3329 'quod
481 3239 522 3307 ad
544 3241 710 3309 Senatum
730 3241 860 3319 attinet,
883 3234 1033 3331 primum
1055 3233 1085 3306 ei
1103 3228 1184 3307 ada-4

175 3347 239 3419 uit
259 3368 393 3413 omnem
415 3347 451 3410 in
475 3346 638 3413 exercitus
658 3357 869 3439 potestatem:
890 3344 1016 3423 deiude,
1039 3345 1184 3432 provin-

174 3448 245 3517 etas
265 3472 343 3516 eum
362 3452 487 3516 Senatu
511 3461 558 3515 est
577 3449 735 3537 partitus,
762 3446 902 3528 sedita,
923 3458 961 3513 ut
981 3447 1051 3546 ipse
1074 3446 1184 3532 majo-

174 3574 230 3623 res
250 3564 284 3618 et
301 3553 501 3644 potentiores
522 3562 678 3633 teneret,
694 3551 829 3619 Senatui
852 3561 963 3615 autem
982 3539 1184 3636 relinqueret
1267 3567 1270 3573 ’

174 3656 331 3743 exiguas,
360 3656 397 3723 iu
409 3654 543 3742 quibua
572 3676 672 3721 nemo
699 3653 873 3735 materiam
904 3642 1070 3768 potentiae
1090 3673 1183 3717 com

123 3773 129 3781 ·
172 3755 340 3849 parandae
362 3757 507 3825 liaberet
548 3758 731 3825 Aerarium
752 3776 855 3853 porro
876 3743 1009 3840 reliquit
1028 3746 1086 3818 ille
1107 3754 1185 3839 qui
1209 3811 1212 3822 .

128 3838 150 3889 '⁶
174 3859 252 3927 dem
274 3860 411 3928 Senatui
434 3860 554 3941 verbo,
576 3885 613 3926 re
635 3850 696 3926 olii
717 3846 919 3933 vindicarit,
944 3868 1021 3921 oum
1041 3848 1113 3943 ipse
1126 3876 1185 3940 pe÷

174 3963 472 4071 οιιιιίιιιοιοειιιιι,
495 3984 578 4049 quaa
605 3961 718 4042 vellet,
738 3956 930 4046 reditusque
951 3979 1015 4045 pro
1036 3954 1184 4050 lubidine
1234 3946 1236 3951 ’
