2626 4524
165 259 215 342 Δ18
566 281 776 306 ”mm

169 419 272 513 petit,
294 430 332 484 ut
353 429 501 502 tempus,
524 430 591 497 quo
613 409 858 476 Callimachum
874 411 989 479 Tuum
1009 416 1077 480 hue
1098 417 1185 486 mis·
1226 410 1234 425 ³

170 546 269 592 surus
290 544 345 607 es,
358 518 486 584 ciieilei
507 513 652 580 definias.
694 514 817 579 Νιιιιι
807 517 870 602 1psi
893 519 1107 586 constitutum
1125 534 1184 602 est,

168 624 220 694 ut*
228 645 317 690 nova
338 597 437 689 editio
458 631 549 687 tanto
571 618 668 684 citius
689 618 845 707 prodeat,
867 621 1063 708 spanhemii
1080 625 1186 690 Com-

170 727 374 795 menmium
402 726 528 790 interea
554 705 648 809 prelo
676 717 845 835 subjicere.
895 723 1057 791 Latentne
1086 752 1186 795 curae

170 833 303 919 aliquae
324 827 522 918 posteliores
542 824 578 891 iu
598 823 752 912 margins
771 827 989 955 exemplaris,
1006 829 1095 917 quod
1115 833 1184 899 Be-

170 935 271 1003 rolini
291 932 368 998 est?

174 1117 177 1124 ,
254 1051 308 1118 De
329 1047 470 1115 Corradi
492 1043 651 1124 editione,
673 1065 758 1129 quae
778 1043 855 1108 Tua
876 1056 924 1112 est
944 1006 1093 1132 facilitas,
1115 1048 1188 1121 nou

168 1156 268 1246 aegre
294 1152 399 1230 feres,
427 1146 457 1215 si
479 1147 557 1212 Tibi
580 1167 696 1210 aurem
718 1147 851 1213 venam:
898 1150 1000 1220 Mulli
1019 1154 1074 1222 hic
1094 1158 1186 1224 illius

72 1266 76 1273 '
171 1255 300 1325 aureoli
324 1251 429 1319 libelli
456 1249 616 1347 ᾱιιὶᾶειιο
642 1259 826 1334 tenentur,
846 1256 902 1319 cui
929 1249 1059 1324 illusue
1086 1260 1186 1353 decus

47 1318 50 1323 Ι
135 1385 137 1388 ’
171 1361 269 1428 addet
289 1353 452 1448 praefatio
474 1353 561 1418 Tua
601 1351 690 1439 Nun
709 1365 771 1434 est,
796 1357 885 1440 quod
907 1358 976 1443 Te,
1007 1385 1107 1446 quem
1128 1364 1193 1435 nir

60 1530 63 1535 ,
171 1464 223 1532 hil
241 1464 365 1528 harum
384 1480 501 1524 rerum
520 1455 620 1545 fugit,
648 1455 858 1538 admoneam,
891 1449 963 1527 τὸν
984 1460 1077 1534 πάνυ
1095 1467 1188 1534 Leu-

139 1609 147 1631 ,
169 1555 314 1660 pardum
333 1561 473 1654 Emeud.
495 1563 535 1628 L.
558 1555 603 1627 V·
635 1581 707 1651 cap.
730 1579 754 1625 ι.
783 1560 984 1646 quaedam
973 1587 1012 1629 m
1034 1568 1186 1647 Corrads

130 1674 135 1695 ²
169 1671 353 1755 castigasse,
375 1690 520 1755 quorum
533 1663 570 1731 in
592 1663 731 1752 praefat
752 1664 903 1732 habenda
924 1668 995 1734 emt
1002 1671 1095 1738 ratio,
1117 1673 1186 1740 Be·

168 1797 213 1840 ne
239 1772 332 1851 vale,
361 1770 411 1833 mi
438 1768 635 1834 suavissime
665 1768 815 1851 Emesti,
844 1792 982 1856 meque,
1014 1787 1052 1838 ut
1081 1801 1185 1863 amas,

98 1872 102 1878 ⁸
169 1897 254 1942 ama.
297 1862 443 1938 Salvebis
465 1873 506 1937 ab
526 1869 779 1936 Hemsterhusio
793 1882 834 1936 'et
853 1871 997 1941 Alberto
1006 1888 1189 1966 ,quorum

169 1993 311 2065 ulsrque
334 1975 406 2043 Tui
424 1984 472 2040 est
493 1973 760 2041 studiosissimus.
809 1975 922 2039 saluta
949 2000 1025 2044 meo
1045 1985 1184 2052 nomine
1229 2050 1235 2059 ,

168 2076 451 2168 elegantissimum
472 2077 651 2175 Bachium,
681 2077 723 2142 ad
746 2094 846 2163 quem
866 2079 1059 2169 propediem
1079 2084 1186 2150 fasci·¹
1190 2144 1193 2149 .

169 2182 284 2252 culum
312 2180 509 2249 dimissurus
544 2202 629 2251 sum.
688 2177 775 2248 D'ab
804 2182 938 2253 Leidae
972 2186 1002 2253 d·
1024 2187 1082 2295 28
1107 2192 1192 2262 Noa

167 2289 295 2358 vembr
323 2285 412 2374 1752.
