2626 4524
531 311 742 334 Neretum
1088 294 1137 366 29

1070 363 1083 398 Ο

111 447 167 510 -ad
188 454 299 531 partes
322 451 492 504 vocantur.
535 437 686 502 Tantum
706 437 808 524 igitur
834 438 931 526 spatii
951 459 1029 504 cum
1050 422 1141 518 Titi,

126 549 175 614 mi
196 543 346 621 Ernesti,
377 543 541 608 tributum
562 541 621 620 sit,
650 540 794 631 indulge·
804 541 930 628 ingenii
950 541 1018 611 Tui
1040 536 1142 631 uberss

125 650 205 732 tati,
228 648 274 715 sic
296 660 333 713 ut
353 668 422 710 non
441 647 551 711 solum
572 640 615 708 de‘
633 642 858 725 Callimacho,
886 646 942 711 sed
968 641 1010 710 de
1030 644 1142 726 omnlss

127 756 189 819 bus
210 749 370 820 Graeciae
389 749 510 814 veteris
537 747 752 836 scriptoribus
779 744 948 833 praeclare
975 748 1142 815 mereare}

127 857 261 941 indulge
284 855 384 921 etiam
405 870 541 935 aureae,
563 870 630 936 qua
649 851 771 938 polles,
792 852 1007 936 eloquentiae,
1023 866 1067 918 'ut
1086 852 1142 918 elii

112 960 208 1025 ‘hinc
235 959 469 1047 inposterum
496 957 660 1042 eleganter
681 955 926 1021 commentandi
948 958 1142 1043 exemplum
1190 948 1203 995 ,·
1288 1000 1292 1009 ,

127 1072 270 1128 sumant.
313 1061 464 1143 Scribant
484 1060 599 1125 breves
622 1060 768 1140 notulas,
797 1058 1031 1145 quibuscuna
1052 1061 1143 1125 domi
1182 1104 1185 1111 -
1244 1140 1247 1153 ¹

127 1164 280 1252 supellex
302 1175 359 1246 est.
399 1163 434 1229 A
456 1160 524 1239 Te,
558 1184 659 1249 quern
679 1160 908 1248 antiquitatem
927 1186 1063 1237 omnem
1085 1186 1142 1227 ca-

127 1268 222 1357 pitali
243 1268 376 1354 ingenio
398 1270 613 1355 complexum
633 1265 765 1345 scimus,
787 1290 855 1333 non
876 1267 939 1334 nisi
960 1268 1160 1347 Excutere,-

129 1371 244 1458 quales
273 1372 308 1436 in
336 1370 532 1439 Suetonium
554 1366 685 1453 dedisti,
719 1364 960 1457 exspectamus.
1003 1364 1145 1458 Pergra-

128 1488 202 1542 tum
231 1470 317 1540 mihi
342 1473 475 1558 feceris,
505 1475 550 1556 si,
581 1497 625 1540 ex
646 1475 830 1557 decasione,
858 1476 1047 1541 cultissimis
1068 1475 1145 1540 Hc*

127 1578 339 1644 mendarum
355 1577 493 1666 hymnis
512 1576 713 1642 'medicinam
729 1570 857 1643 afferas.
900 1578 1067 1664 Equidem
1082 1580 1146 1644 du·

129 1685 213 1748 dum
233 1683 369 1747 illorum
391 1682 569 1746 editionem
588 1680 742 1747 meditor.
783 1682 847 1747 Sed
862 1684 1015 1747 omni-nm
1033 1674 1146 1748 lectio-

14 1821 19 1830 ·
129 1808 229 1852 num
243 1785 400 1851 monstris
428 1808 485 1850 me
513 1785 605 1851 haud
632 1808 750 1874 parem
778 1787 883 1851 sentio
904 1784 1158 1874 perdomandls.'

216 1888 384 1976 Quicquid
411 1888 537 1975 reliqui
556 1902 630 1955 eret
652 1908 757 1979 penes
789 1914 845 1958 me
864 1891 1145 1978 Fragmentoium
1216 1946 1220 1950 .

130 1990 440 2075 callimachum,
461 1993 499 2058 in
520 1993 674 2060 schedula
695 1993 839 2078 subjecta
860 1995 1012 2081 reperies.
1041 1993 1147 2058 Plura·

23 2114 28 2127 '
128 2097 269 2164 fortasse
302 2096 520 2185 suppeditabit
547 2098 723 2184 Apollonii
750 2100 888 2186 Dyscoli
920 2098 1147 2163 Grammatica

130 2201 271 2278 inedita3
314 2199 407 2283 cujus
441 2199 549 2265 adhuc
585 2201 721 2265 dimidia
752 2215 883 2268 tanturn
916 2214 1009 2287 parte
1042 2201 1146 2265 fruor.

130 2303 232 2369 Brevi
261 2314 392 2378 tamen,
419 2303 507 2388 quod
523 2317 650 2382 restat,
670 2288 804 2369 Parisiis
826 2304 868 2367 ad
886 2314 944 2368 'me
967 2303 1145 2390 perveniet.

216 2405 356 2485 Literis,
392 2419 473 2490 quas
500 2405 542 2469 ad
571 2405 622 2470 Cl.
650 2407 898 2494 Heusingerum
927 2406 1017 2486 dedi,
1054 2405 1147 2471 Tuas

132 2507 306 2593 adjungas,
340 2528 461 2594 meque
488 2507 550 2595 ipsi
579 2507 620 2575 de
645 2509 783 2575 meliore
819 2521 897 2583 nota
925 2510 1147 2576 commendes.

130 2610 276 2679 Mirifice
290 2611 426 2699 gaudeo,
446 2609 621 2679 homiuem
636 2612 764 2681 Graece
781 2610 920 2680 doctum·
937 2606 974 2677 it
993 2613 1050 2679 illa
1063 2611 1147 2677 urbe
1251 2672 1254 2683 ,

11 2728 14 2737 ·
61 2699 64 2706 ’
130 2715 283 2805 repunt.
331 2716 441 2783 Haut
469 2716 561 2781 enim
587 2718 782 2785 uslausei
804 2718 912 2805 nucu
926 2717 1060 2783 'mutos
1088 2715 1146 2780 in·
1205 2750 1208 2757 ·

131 2821 307 2905 signesque
336 2820 486 2902 Codices,
515 2819 552 2885 in
579 2820 632 2888 his
660 2818 780 2900 etiam,
814 2822 850 2887 ni
882 2820 996 2903 fallor,
1025 2820 1146 2895 Xeno»-

131 2922 307 3012 phontem:
338 2944 438 3008 quem
462 2928 497 2989 ut
518 2923 662 2992 conferri
684 2926 814 3011 jubeas,
842 2924 925 2992 Tibi
939 2943 1147 3012 magnopere

132 3020 249 3094 auctor
268 3040 352 3094 sum:
395 3026 624 3110 Wetstenius‚
652 3030 709 3116 qui
731 3027 986 3096 Amstelodamo
1007 3027 1147 3115 Leidarn

131 3131 317 3198 habitatum
341 3129 520 3207 concessit,
548 3156 618 3197 non
648 3133 789 3201 videtur·
808 3134 934 3201 alienus
964 3133 1004 3199 ab
1026 3131 1148 3221 impri⁴

132 3235 256 3302 mendo
276 3234 521 3322 Xenophonte,
540 3235 639 3305 Tuis·
655 3239 747 3309 curis,
764 3226 955 3330 perpolito-⁴
987 3236 1147 3327 Albertus

19 3359 29 3371 ··
117 3352 244 3410 ,noster
264 3338 439 3429 pristinam
460 3338 633 3407 sanitatem
655 3350 844 3431 recuperat,
861 3342 997 3431 ·Teqne¹
1019 3338 1213 3408 salutat·<x
1285 3421 1291 3435 ,

20 3516 24 3529 .
132 3438 408 3508 Hemsterhusius
437 3443 541 3508 etiam·
555 3426 640 3512 'Tibi
661 3448 798 3513 salutem
821 3447 977 3535 impertit.
1029 3448 1062 3512 Is
1076 3460 1148 3534 'p'ad

132 3567 212 3612 rum
234 3554 404 3614 contentus
426 3548 625 3643 juvenilibus
645 3550 682 3616 in
702 3550 872 3619 Pollucem
894 3553 1008 3628 curis,
1031 3552 1149 3636 ingen·

132 3663 201 3716 tem
222 3650 260 3714 in
287 3649 379 3717 hunc
400 3648 668 3720 Grammaticutn
697 3649 1147 3744 scripsit'Cornmentar·ium,
1195 3690 1202 3705 ι
1251 3642 1284 3693 ·’

131 3753 312 3842 separatim
333 3753 516 3840 edendum,
537 3758 574 3823 in
595 3776 695 3844 quem
718 3782 833 3826 omnes
856 3758 1046 3858 eruditionis
1067 3775 1147 3851 suae

92 3899 94 3903 ,
133 3855 305 3923 thesauros
333 3855 491 3946 profudit.
528 3854 609 3928 ‘cui
637 3864 695 3928 etsi
723 3864 810 3937 nihil
837 3864 880 3930 ad
907 3854 1149 3952 perfectionem

131 3958 440 4049 absolutionemque
466 3965 572 4045 deest,
610 3979 723 4034 temen
751 3962 945 4035 ismarum
965 3966 1007 4044 de
1036 3965 1146 4031 tabula
