2626 4524
182 280 228 349 se
316 269 320 275 ”
583 282 798 355 ’.ΝΜ*

136 436 139 443 ’
182 442 331 533 pretium
357 438 455 503 rebus
484 434 602 500 addere
630 434 845 530 contendunt.
902 436 1019 522 Itaque
1033 422 1106 524 'pro
1132 421 1224 504 levi,

136 603 141 611 .
181 551 251 614 isto
267 546 379 610 labore
400 540 474 604 dedi
496 537 631 625 triginta
652 538 851 604 duosIulios
866 539 1046 622 Romanos,
1068 542 1127 627 qui
1147 541 1203 606 fa·

183 652 275 722 ciunt
295 646 388 712 istius
410 655 537 707 vestrae
558 653 710 706 monetae
729 641 873 708 thaleros
897 657 1038 730 quatuor
1052 669 1129 715 cum
1148 645 1202 710 di-

186 754 289 821 midio
320 747 467 825 circiter,
504 768 606 831 quam
643 745 801 831 pecuniae
835 767 1002 809 summam
1035 750 1118 814 nihil
1154 761 1203 815 est

93 896 96 901 ,
151 832 155 840 Ι
186 857 272 944 quod
295 853 443 928 labores,
474 859 512 911 ut
533 851 573 913 ad
594 870 649 912 me
669 847 871 916 transmittas
892 850 1027 932 statime
1050 852 1204 918 restitues

184 959 316 1048 quando
339 954 464 1020 occasio
487 975 556 1015 sese
578 951 704 1015 offeret

271 1057 460 1134 Corsinius,
490 1053 549 1139 qui
580 1055 643 1117 erit
664 1053 720 1116 hic
742 1077 805 1141 per
827 1056 908 1121 alios
930 1068 995 1121 tres
1018 1080 1122 1121 annos
1143 1080 1205 1121 su-

184 1186 321 1257 premus
357 1155 481 1222 ordinis
515 1156 582 1219 mei
616 1143 823 1236 moderator,
868 1162 1007 1225 salutem
1038 1161 1114 1225 dicit
1144 1158 1205 1224 tibi

150 1246 153 1255 Ι
186 1267 390 1338 maximam,
423 1271 455 1322 et
483 1257 525 1320 de
554 1256 740 1344 fragmento
769 1259 966 1327 Callimachi
992 1276 1147 1329 acturum
1169 1283 1207 1326 se
1303 1301 1307 1309 ·

142 1349 144 1355 Ι
184 1370 360 1463 pollicetur
382 1359 515 1448 quando
547 1360 656 1443 Pisas,
686 1363 743 1427 ubi
764 1375 811 1427 est
833 1363 936 1428 lector
958 1367 1107 1452 publicus
1130 1367 1208 1431 elo·

187 1473 358 1564 quentiae,
379 1464 582 1542 revertetur,
601 1485 679 1559 nam
693 1463 821 1530 Romae
842 1466 914 1531 aliis
936 1467 1094 1533 distentus
1115 1469 1209 1534 curis

185 1575 303 1664 nequit
327 1571 420 1638 hisce
448 1567 563 1633 studiis
590 1554 758 1650 animum,
787 1581 824 1633 ut
851 1584 1000 1657 optaret,
1022 1572 1210 1657 adpellere.

187 1693 420 1774 praeterquam
441 1670 529 1757 quod
548 1669 627 1734 illuc
640 1670 738 1736 habet
756 1694 816 1736 sua
837 1673 958 1759 scripta
974 1687 1007 1740 et
1023 1675 1211 1738 Bibliothe-

188 1807 261 1849 cam
276 1782 317 1843 ad
338 1780 420 1842 haec
442 1772 548 1858 peculi
568 1795 673 1836 arem.
716 1774 841 1838 Curam
855 1775 895 1840 de
910 1776 1211 1842 Ciceronianovo-

185 1885 315 1952 lumine
336 1901 406 1944 non
426 1875 565 1952 dimitto,
586 1897 648 1938 nec
671 1875 844 1942 dimittam.
887 1880 998 1945 Editio
1018 1880 1141 1945 Plotini
1160 1893 1212 1946 est

188 2001 320 2057 tantum
341 1978 472 2047 Latina.
513 1976 632 2040 Frater
653 2001 748 2042 meus
776 1984 916 2047 salutem
938 1983 1018 2048 Tibi
1041 1985 1127 2049 dicit.
1170 1984 1211 2049 Si

82 2160 85 2178 1
189 2088 268 2177 quid
282 2083 380 2171 novi,
393 2094 425 2146 et
439 2079 574 2165 silicet,
588 2081 810 2171 gratissimum
824 2086 908 2151 mihi
922 2090 984 2155 erit
999 2087 1123 2151 audire.
1145 2085 1211 2170 Egi

191 2213 270 2260 oum
288 2187 500 2257 Assemanuo
522 2205 679 2271 supremo
700 2187 923 2256 Bibliothecae
944 2191 1052 2258 Vatic.
1075 2189 1211 2255 custode

192 2297 233 2362 de
254 2290 427 2365 collatione
455 2301 611 2352 accurata
639 2309 740 2373 quam
762 2293 888 2379 expetis
910 2295 1000 2360 Novi
1025 2291 1211 2360 testamenti
1232 2318 1237 2339 ν

193 2421 272 2465 cum
302 2394 424 2462 Codice
452 2390 508 2456 illo
536 2391 762 2476 nobilissimo,
799 2421 818 2462 e
846 2419 912 2482 quo
942 2400 1056 2475 Sixtus
1078 2397 1129 2463 ·.V
1159 2396 1214 2462 edi

194 2499 324 2568 curavit
353 2496 541 2560 versionem
570 2495 699 2561 LXX
731 2445 847 2584 llaque
863 2502 949 2567 dixit
969 2499 1097 2599 requiri
1118 2522 1215 2564 sum-

167 2668 170 2687 ,
194 2624 287 2668 mam
307 2611 540 2665 tercentorum·
552 2599 674 2666 Scutat.
688 2601 789 2668 Rom
803 2625 888 2688 quae
903 2605 1028 2670 faciunt
1044 2626 1214 2679 summam

200 2705 261 2768 150
277 2721 467 2778 aureorum,
489 2711 526 2761 ut
538 2699 699 2765 habeatur
713 2704 843 2769 collatio
866 2707 1033 2786 accurata,
1053 2730 1131 2771 nam
1152 2706 1214 2771 de-
1257 2727 1260 2731 ’

196 2806 275 2874 bent
294 2794 482 2868 transscribi
504 2801 604 2867 ctiam
625 2803 756 2870 minimi
773 2809 891 2895 apices.
935 2811 1074 2876 Addidit
1088 2824 1213 2884 tamen,

197 2903 479 2996 supervacaneam
487 2905 565 2969 Tibi
580 2914 716 2992 prorsus
726 2931 794 2974 esse
805 2910 891 2977 hairc
901 2913 1094 3000 impensam,
1106 2937 1214 3000 quum

197 3014 287 3100 typis
316 3003 513 3095 impressam
541 3008 601 3105 tibi
629 3032 835 3099 compararer
858 3017 960 3102 possis
987 3019 1042 3083 vel
1074 3017 1216 3083 alteram

198 3113 410 3178 collationem
432 3110 551 3177 factam
572 3135 592 3176 a
614 3112 783 3181 Matthaeo
805 3118 1120 3208 Cariopliilojussu
1140 3123 1217 3186 Ur·
1295 3166 1303 3175 -

197 3214 443 3281 ha11iV111..et
464 3215 592 3279 Romae
613 3215 818 3304 impressam,
841 3223 895 3287 vel
917 3222 1056 3295 alteram
1078 3246 1158 3289 cura
1181 3237 1216 3291 et

198 3320 355 3403 impensis
378 3320 416 3384 C.
439 3319 529 3384 Milii
551 3318 665 3405 Angli,
687 3324 875 3389 etImndini
888 3325 1025 3390 editam·
1046 3348 1105 3389 eae
1120 3325 1215 3392 enim

199 3420 314 3483 ambae
343 3432 430 3485 sunt
447 3423 720 3489 accuratissimos.
762 3427 998 3494 Gratissimum
1020 3428 1103 3493 mihi
1124 3428 1216 3494 fecc-

199 3520 258 3594 ris‚
281 3522 308 3584 si
330 3499 564 3608 significaveris
586 3521 651 3591 lias
666 3530 776 3594 literas
798 3540 905 3611 meas,
925 3531 1118 3627 festinanter
1139 3533 1215 3617 qui·¹

200 3622 275 3711 dem
290 3623 439 3711 scriptas,
460 3630 514 3692 sed
538 3629 765 3697 obseruantiae
785 3655 864 3718 erga
876 3635 929 3699 Te
949 3629 1043 3703 meae
1063 3628 1218 3700 testimo·
1239 3658 1242 3663 ·

197 3725 294 3790 nium
315 3726 419 3797 veluti
441 3729 628 3815 quoddam,
662 3734 713 3799 Te
733 3736 903 3824 recepisse.
945 3738 1041 3806 Vale.
1084 3736 1138 3801 die
1164 3738 1217 3805 18.

81 3880 87 3893 .
198 3827 331 3913 Aprilis
352 3850 405 3893 en.
433 3835 523 3913 rest.
572 3837 718 3902 Salutem
739 3838 917 3922 Boehmio,
948 3842 1004 3906 cui
1024 3840 1112 3904 dicas
1134 3862 1217 3927 pre-

199 3949 273 4009 cor,
293 3930 429 4000 Manfre
451 3935 691 4006 Venetum'ad
716 3962 772 4009 nte
793 3946 981 4035 scripsisse,
1011 3964 1047 4007 se
1068 3932 1109 4008 ad
1131 3944 1217 4043 (ile-¹
1305 4035 1308 4042 ¹
