2626 4524
185 421 466 528 interpretationis
513 421 638 507 legibus
681 431 780 505 atquc
816 378 987 525 principiis
1024 413 1210 499 constringi

90 522 95 535 ’
185 537 327 626 possint,
370 523 489 627 quibus
526 523 668 592 humaui
708 544 823 591 sensus
866 533 1109 605 cognoscantur
1148 542 1209 583 -.

185 639 278 704 Hinc
307 653 431 700 novam
451 628 632 693 commenti
651 637 728 691 sunt
748 623 1043 690 Hermeneuticam
1064 645 1209 703 sacram,

110 741 112 745 ’
185 761 309 832 novam
341 733 604 801 Grammaticam
641 749 789 809 sacram,
831 749 956 795 novem
989 726 1209 793 Rhetoricam

146 882 149 887 ·
186 865 333 922 sacram,
362 853 422 906 etc
475 857 619 923 quarum
655 831 815 899 beneficio
859 853 973 899 omnes
1015 829 1209 898 fervidioris

185 944 311 1035 ingenii
340 958 372 1010 et
400 939 602 1007 luxuriantis
632 935 875 1023 imaginationis
909 935 1100 1024 praestigias
1126 948 1229 1003 tan--

185 1063 267 1116 tum.
286 1067 355 1114 non
374 1055 615 1113 consecrarunt.
660 1039 876 1128 Quapropter
905 1040 978 1118 Tu,
1006 1038 1073 1105 Vir
1102 1062 1208 1127 prae·
1285 1054 1290 1077 “

186 1151 378 1226 clarissime,
398 1170 468 1215 non
488 1132 597 1236 possis
618 1144 672 1208 vel
686 1143 864 1216 ecclesiae,
882 1143 936 1207 vel
957 1141 1006 1208 rei
1026 1141 1209 1211 litterariae

185 1255 303 1320 utilem
322 1251 427 1339 magis
448 1265 480 1317 et
500 1247 686 1336 proficuam
711 1264 837 1319 navare
863 1267 1023 1333 operam,
1046 1240 1232 1340 quarn-ff

185 1378 304 1446 pergas
334 1377 399 1440 quc
421 1350 564 1441 coepisti
575 1352 695 1433 modo,
725 1372 810 1436 quae
829 1370 911 1414 reru
939 1372 977 1415 ac
998 1349 1142 1434 genuina
1165 1350 1216 1418 sit

83 1503 87 1511 ·
126 1536 129 1541 ¹
184 1455 427 1547 interpretandi
447 1459 553 1536 ratio,
574 1457 713 1532 doceret
739 1478 759 1519 a
782 1476 847 1541 qna
860 1448 1049 1543 ,praecipua
1071 1453 1209 1520 divina·-

184 1584 265 1628 rum
286 1561 580 1644 humanarumque
605 1580 722 1625 rerum
744 1558 888 1642 cognitio
909 1559 1038 1645 pendet.
1088 1558 1211 1644 Ithue‘

184 1665 372 1750 jucundum
392 1661 459 1729 fuit
479 1683 523 1727 ex
544 1661 629 1727 Tuis
650 1660 766 1727 litteris
786 1680 999 1747 cognoscere,
1022 1661 1074 1726 Te
1094 1661 1129 1726 id
1154 1652 1233 1727 se«¹

185 1768 238 1834 rio
259 1766 427 1857 agendum
449 1766 636 1855 suscepisse,
658 1764 763 1857 ntid,
783 1763 821 1828 in
843 1783 910 1848 quo
933 1764 1033 1830 cardo
1053 1764 1104 1830 rei
1125 1785 1210 1831 ver-

156 1876 162 1963 J
183 1870 285 1950 titur,
316 1870 400 1935 nim.
430 1868 627 1958 Troporum
662 1880 695 1934 et
709 1863 710 1868 ’
724 1867 989 1955 emphaticarum
1024 1868 1210 1953 dictionum
1283 1941 1288 1950 ¹

184 1992 302 2055 tuum,
323 1996 362 2040 ac
383 1975 495 2041 dehis
516 1974 681 2144 jufflndi
704 1972 870 2039 solertiam
886 1970 983 2037 certis
996 1971 1127 2060 legibus
1147 1972 1209 2037 ad-

184 2079 344 2163 stringes:
372 2100 441 2165 quo
468 2077 506 2143 in
533 2101 554 2165 g
617 2103 653 2145 re
674 2077 760 2141 nihil
783 2088 847 2155 cst,
876 2075 965 2160 qnod
987 2076 1046 2161 qui
1066 2076 1119 2142 Te
1139 2099 1208 2143 irc-.-

184 2192 288 2261 runt,
302 2204 374 2246 non
395 2205 416 2244 a
429 2181 507 2245 Tua
525 2183 697 2268 sagacitate
719 2191 916 2264 exspectent
959 2176 1075 2256 Velim
1092 2191 1209 2246 autem

182 2283 271 2349 hanc
293 2306 431 2370 operam
452 2282 592 2350 feliciter
613 2294 645 2347 et
666 2281 828 2347 inoffenso
848 2282 933 2368 pede
954 2282 1000 2353 ita
1020 2281 1098 2346 Tibi
1122 2302 1208 2367 prc-

144 2424 145 2429 *
184 2387 310 2466 cedere,
332 2409 375 2449 ne
396 2409 538 2472 usquam
559 2388 596 2451 in
616 2407 734 2450 corum
757 2383 874 2449 odium
894 2385 1056 2465 incurras,
1078 2385 1140 2470 qui
1153 2407 1209 2449 so-

183 2489 269 2555 lidae
292 2489 461 2583 doctrinae
478 2492 591 2563 lucem
610 2487 791 2575 refugiunt,
812 2507 921 2574 neque
935 2509 962 2565 ⁴a
976 2511 1012 2553 se
1024 2489 1208 2576 impetrare

181 2601 343 2682 possunt,
371 2607 409 2660 ut
445 2594 532 2679 quod
559 2592 658 2682 pueri
684 2591 890 2672 didicerunt,
914 2614 1007 2665 cenes
1033 2592 1208 2683 perdenda

93 2760 96 2766 ,
145 2724 152 2759 ·.
183 2694 369 2763 fateanturr
397 2716 545 2783 quorum
573 2695 752 2761 hominum
769 2690 905 2761 'sanctas
927 2696 993 2760 iras
1014 2696 1087 2785 ipse
1110 2717 1206 2760 corn·-

183 2799 311 2896 me1·ui‚
334 2820 441 2886 quum
461 2820 692 2887 nuperausus
713 2822 788 2865 sum
810 2813 1005 2888 argumenta
1025 2800 1103 2873 illa,
1127 2800 1207 2884 qui-

82 2981 86 2987 ,
183 2901 245 2967 bus
266 2903 315 2968 cl.
338 2902 530 2989 'theologus
553 2902 713 2984 Witsius,
736 2917 868 2969 etcum
889 2927 929 2968 eo
950 2928 970 2969 e
990 2923 1085 2968 sacro
1112 2899 1206 2965 ordi·

182 3028 227 3097 ne
247 3005 378 3095 plures,
408 3001 470 3097 τῆς
491 3001 669 3093 εὐλογίας,
695 3029 763 3094 qua
783 3028 876 3075 secra
896 3002 1036 3097 precum
1056 3004 1207 3080 formul*

182 3109 225 3174 ab
245 3109 322 3197 ipso
338 3110 453 3176 Soterc
467 3110 585 3177 dictata
599 3110 688 3235 apud
702 3113 734 3177 S·
748 3110 959 3179 Matthaeum
978 3105 1204 3180 concluditur,

182 3215 415 3280 auctoritatem
449 3223 482 3280 et
511 3207 722 3302 γνησιότητα
759 3198 905 3283 stabilire
937 3223 1109 3300 satagunt,
1143 3209 1205 3276 suh

183 3337 327 3383 examen
338 3335 510 3382 vaocare
606 3317 801 3398 Bodmerns,
823 3341 881 3404 qur
872 3317 973 3385 'Tibi
994 3316 1081 3383 mire
1101 3310 1212 3397 favet,
1296 3397 1299 3405 Ι

183 3408 302 3503 Teque
323 3420 423 3487 etiam
445 3420 598 3486 observat
618 3443 657 3487 ac
679 3421 774 3505 colit,
800 3443 891 3488 nnnc
917 3433 1006 3488 totus
1032 3420 1071 3486 in
1091 3442 1131 3486 eo
1153 3431 1206 3487 est

182 3532 215 3585 et
236 3520 324 3586 mire
344 3520 465 3604 fervet,
494 3537 533 3591 ut
554 3524 661 3591 divini
681 3470 774 3591 illini
793 3524 880 3614 epici
899 3524 1081 3615 po‘e'matis,
1112 3524 1203 3613 quod

181 3622 373 3693 MESSIAS
400 3624 607 3713 inscribitur,
637 3629 855 3696 excellentem
876 3628 1071 3716 dignitatem
1102 3643 1201 3712 atque

180 3725 421 3844 praestantiam
438 3730 591 3797 omnibus
612 3733 723 3798 modis
746 3734 967 3816 commendet,
989 3732 1202 3821 quandoqui

182 3828 260 3895 dem
281 3853 360 3897 cum
380 3831 451 3914 ejus
469 3836 621 3935 neglectu
636 3851 734 3924 atque
748 3848 916 3905 contemtu
929 3838 1103 3905 aniversae
1117 3836 1202 3924 poe-

179 3954 263 4013 ιιως
291 3928 503 4004 Teutonicae
517 3938 677 4029 gloriam
687 3944 867 4033 periclitari
894 3956 992 4030 atque
1026 3938 1203 4006 concidere
1270 3977 1272 3980 <

586 4060 596 4089 s
