2626 4524
72 292 76 301 r
151 274 237 351 w:
493 352 497 359 ι
560 278 583 315 ἢ·
613 276 617 283 ·
683 289 686 295 ·

148 439 309 519 mustus
328 430 442 509 autent
462 455 495 508 st
515 434 692 531 posueram
713 444 893 527 dissenis,
905 428 1158 521 'es‘mis's'tsnoo

129 546 327 613 'eommods
346 546 458 626 auxit,
483 558 522 612 ut
549 549 738 633 quicunque
757 549 880 615 missus
901 548 999 631 esset,
1021 550 1167 620 honeste·

147 662 260 739 posset
286 650 420 715 virere:
447 669 552 737 esque
579 674 617 716 re
647 653 746 717 etium
766 646 918 719 homines
938 653 982 718 ed
1002 653 1158 723 militiam
1227 721 1231 726 .

144 753 346 845 promtiores
366 751 608 840 uberioresque
630 753 718 822 fecit.
1105 774 1108 781 ·

170 902 175 907 ’
231 906 352 1007 ῌεῳιε
366 929 447 973 vero
463 904 520 972 hio
534 909 799 975 commemorabo
822 920 945 975 eeteros
961 920 1056 988 artes,
1076 908 1157 995 qui-

146 1009 209 1099 bus
235 1011 401 1078 securitati
423 1007 571 1104 imperii,
607 1010 824 1096 omniumque
849 1013 1014 1089 bonarum
1039 1031 1173 1097 rerum¹

147 1112 262 1201 copiae
281 1114 471 1207 prospexit:
492 1133 600 1200 neque
622 1112 747 1191 diuam,
769 1124 859 1200 quot,
880 1101 1044 1203 quamque
1064 1114 1158 1185 sulu-

60 1242 73 1259 ··
145 1210 274 1283 tenbus
294 1217 418 1302 legibus
439 1214 643 1302 reipublioue
666 1217 879 1297 consuluerit,
899 1236 1000 1303 quam
1018 1213 1157 1302 diligens

145 1320 183 1387 iu
203 1319 278 1404 jure
300 1318 456 1398 dicundo,
476 1315 670 1404 judiciisque
691 1318 893 1398 exemendir,
916 1330 1057 1403 quantus
1077 1315 1159 1383 feu·

139 1436 201 1490 tor
229 1423 371 1509 denique
398 1432 431 1486 et
459 1420 589 1507 adjutor
616 1422 768 1487 omnium
792 1421 957 1487 bonarum
978 1417 1098 1485 artium
1117 1441 1158 1485 ao

144 1525 321 1593 literarum
334 1524 452 1603 fuerit3
476 1545 561 1610 quoe
581 1545 659 1589 oum
679 1524 714 1591 in
734 1523 826 1589 omni
843 1524 998 1612 Principe
1016 1523 1158 1591 leuden-

143 1641 200 1694 tur
233 1642 266 1695 et
294 1636 464 1708 amentur,
493 1626 628 1693 tum·in
649 1624 803 1713 Augusto
825 1625 1014 1714 plurimum
1034 1639 1158 1715 poten·

142 1720 209 1798 tiss
231 1728 422 1799 firmandae¹
439 1727 647 1819 profuerunt.
698 1727 779 1795 Fuit
801 1729 892 1794 enim
913 1729 978 1795 hoo
1004 1742 1159 1817 tempore

2 1810 8 1835 ⁸
72 1902 76 1909 ,
141 1833 226 1899 illud
246 1845 375 1898 tantum
397 1832 625 1920 propositum,
656 1843 694 1898 ut
714 1831 755 1898 de
775 1830 816 1896 iis
835 1830 960 1896 artibus
980 1831 1157 1914 diceretur,

80 1926 84 1931 ’
121 1955 229 2021 quae
256 1935 391 2023 proprie
420 1936 461 1998 ad
493 1932 675 2021 imperium
710 1930 973 2022 comperandum
1006 1935 1173 2001 retineu-.

143 2025 291 2123 dumque
311 2037 555 2127 pertinuerunt.

161 2166 166 2261 s
230 2186 293 2253 Sed
316 2187 373 2254 hio
397 2186 507 2265 existit
527 2160 651 2276 magua
672 2189 837 2274 quaestio,
865 2197 1018 2255 anscote
1040 2182 1157 2251 fecerit

142 2291 331 2378 Augustus,
352 2314 439 2371 oum,
461 2288 571 2357 formio
590 2289 790 2378 reipublicae
810 2292 947 2367 mutatis,
967 2309 1066 2352 omne
1086 2287 1157 2353 im-

142 2392 278 2482 perium
307 2393 349 2459 ud
375 2416 411 2458 se
439 2392 559 2461 traxit:
589 2393 630 2458 de
657 2416 724 2479 qua
751 2393 848 2460 facile
878 2393 976 2460 video
996 2410 1094 2479 posse
1116 2389 1157 2456 in

143 2508 320 2581 utramque
348 2508 477 2583 partem
510 2497 616 2562 multa
645 2496 814 2585 disputari.
862 2492 965 2582 ugos
991 2491 1049 2579 qui
1078 2514 1156 2562 eam

143 2621 218 2685 rem
245 2621 314 2664 non
341 2598 454 2666 subtili
487 2598 545 2665 itta
574 2599 855 2688 philosophorum
882 2595 1007 2663 trutina
1036 2597 1155 2684 pendo,

145 2723 230 2788 quae
250 2699 416 2781 interdum
436 2723 456 2764 a
476 2701 565 2768 vitae
586 2702 753 2771 humanae
772 2700 900 2767 ratione
916 2697 1080 2780 abhorret,
1096 2699 1156 2765 sed

143 2804 295 2894 populari
324 2803 579 2886 historicorum,
605 2827 681 2892 ego,
708 2802 863 2891 inquam,
894 2802 955 2869 etsi
974 2813 1058 2869 artes
1077 2798 1156 2869 illus
1238 2855 1248 2861 .

63 2968 67 2975 .
144 2906 292 2992 Augusti
326 2928 396 2981 uon
426 2929 541 2975 omnes
580 2927 816 2994 usquequaque
845 2904 1001 2999 probem,
1040 2916 1173 2985 tameo,

145 3009 243 3092 vuldo
266 3007 409 3079 inclinor
435 3009 472 3077 in
504 3033 579 3080 eum
594 3018 745 3101 partem,
776 3022 814 3075 ut
836 3008 1029 3096 Augustum
1056 3019 1088 3073 et
1104 3005 1154 3071 ti-

146 3111 300 3178 beraliter
329 3123 362 3178 et
390 3121 478 3208 recte
506 3110 620 3181 fecisse
642 3127 777 3202 putem,
808 3134 905 3185 oum,
929 3110 1055 3176 sublata
1074 3131 1155 3178 sen·

145 3215 211 3278 sim
226 3213 394 3291 libertate,
414 3235 585 3281 summum
605 3218 788 3307 imperium
808 3214 848 3280 ad
871 3236 906 3278 se
927 3213 1054 3279 ratione
1067 3232 1154 3298 que·-

146 3316 225 3382 dem
238 3315 402 3401 modoque
413 3317 526 3382 traxit
550 3320 639 3406 Quid
653 3321 744 3388 euim
759 3317 937 3384 humanius
950 3315 1025 3381 fieri
1038 3326 1156 3404 potest,

146 3436 248 3506 quam
263 3418 351 3503 quod
363 3419 409 3496 vi,
419 3420 623 3510 unoimpetu
636 3422 758 3515 parere
770 3423 886 3513 possis,
906 3420 940 3488 id
949 3418 1113 3509 paulatim
1122 3429 1157 3484 et

145 3545 213 3589 non
228 3522 292 3586 nisi
307 3521 454 3587 oblatum
468 3524 510 3588 ab
522 3525 576 3606 iis,
588 3527 625 3592 in
639 3548 786 3614 quorum
801 3544 906 3590 manu
920 3514 988 3603 estss·⁴
995 3520 1155 3609 recipere,

96 3698 99 3705 ,
146 3628 182 3694 in
205 3645 310 3711 eoque
330 3646 369 3690 es
392 3626 707 3712 moderatione-uti,
734 3643 772 3696 ut
792 3649 892 3695 nemo
914 3626 976 3692 sibi
996 3624 1157 3710 injurium

145 3727 266 3794 factam
287 3744 461 3813 queratur,
494 3729 550 3797 sed
573 3753 686 3798 omnes
710 3731 889 3798 honoribus
912 3739 969 3794 aut
990 3725 1157 3795 benefieiis

148 3854 183 3896 se
205 3841 315 3895 suetos
337 3834 522 3916 gaudeant?
550 3833 626 3900 Jum
648 3834 725 3900 satis
747 3843 889 3911 constet,
913 3855 968 3897 eas
988 3828 1159 3896 interdum
1249 3851 1253 3857 ·

30 4030 33 4035 φ
147 3933 295 4002 iuoidere
308 3934 514 4006 uirtutibus.
530 3937 758 4029 ingeniorum,
779 3945 921 4005 'morum
947 3944 1158 4024 temporum.
1190 3915 1193 3922 “
