<?xml version="1.0" encoding="UTF-8"?>
<!DOCTYPE html PUBLIC "-//W3C//DTD XHTML 1.0 Transitional//EN"
    "http://www.w3.org/TR/xhtml1/DTD/xhtml1-transitional.dtd">
<html xmlns="http://www.w3.org/1999/xhtml" xml:lang="en" lang="en">
 <head>
  <title>
</title>
<meta http-equiv="Content-Type" content="text/html;charset=utf-8" />
  <meta name='ocr-system' content='tesseract 3.04.00' />
  <meta name='ocr-capabilities' content='ocr_page ocr_carea ocr_par ocr_line ocrx_word'/>
</head>
<body>
  <div class='ocr_page' id='page_1' title='image "./davidruhnkeniil00valcgoog/davidruhnkeniil00valcgoog_0125.png"; bbox 0 0 2626 4524; ppageno 0'>
   <div class='ocr_carea' id='block_1_1' title="bbox 152 224 986 303">
    <p class='ocr_par' dir='ltr' id='par_1_1' title="bbox 152 224 986 303">
     <span class='ocr_line' id='line_1_1' title="bbox 152 224 986 303; baseline -0.01 -2"><span class='ocrx_word' id='word_1_1' title='bbox 152 224 202 303; x_wconf 82' lang='lat'><strong>88&#39;</strong></span> <span class='ocrx_word' id='word_1_2' title='bbox 559 243 772 293; x_wconf 57' lang='lat' dir='ltr'><em>w</em></span> <span class='ocrx_word' id='word_1_3' title='bbox 895 227 986 277; x_wconf 62' lang='grc' dir='ltr'><em>ἰ</em></span> 
     </span>
    </p>
   </div>
   <div class='ocr_carea' id='block_1_2' title="bbox 66 383 1253 1505">
    <p class='ocr_par' dir='ltr' id='par_1_2' title="bbox 66 383 1253 1505">
     <span class='ocr_line' id='line_1_2' title="bbox 152 383 1164 477; baseline -0.002 -18"><span class='ocrx_word' id='word_1_4' title='bbox 152 383 263 459; x_wconf 87' lang='lat' dir='ltr'><strong>libello</strong></span> <span class='ocrx_word' id='word_1_5' title='bbox 277 387 409 461; x_wconf 85' lang='lat' dir='ltr'><strong>¹edendo</strong></span> <span class='ocrx_word' id='word_1_6' title='bbox 430 386 468 452; x_wconf 90' lang='lat' dir='ltr'><strong>in</strong></span> <span class='ocrx_word' id='word_1_7' title='bbox 489 386 696 453; x_wconf 86' lang='lat' dir='ltr'><strong>eruditorum</strong></span> <span class='ocrx_word' id='word_1_8' title='bbox 722 383 883 452; x_wconf 81' lang='lat' dir='ltr'><strong>notitiam·</strong></span> <span class='ocrx_word' id='word_1_9' title='bbox 900 383 1074 473; x_wconf 81' lang='lat' dir='ltr'><strong>pervenire</strong></span> <span class='ocrx_word' id='word_1_10' title='bbox 1090 401 1164 477; x_wconf 51' lang='lat' dir='ltr'><strong>ge*</strong></span> 
     </span>
     <span class='ocr_line' id='line_1_3' title="bbox 154 480 1163 578; baseline -0.005 -17"><span class='ocrx_word' id='word_1_11' title='bbox 154 496 261 571; x_wconf 86' lang='lat' dir='ltr'><strong>stiret,</strong></span> <span class='ocrx_word' id='word_1_12' title='bbox 290 491 392 556; x_wconf 86' lang='lat' dir='ltr'><strong>veluti</strong></span> <span class='ocrx_word' id='word_1_13' title='bbox 412 486 504 557; x_wconf 80' lang='lat' dir='ltr'><strong>aestu</strong></span> <span class='ocrx_word' id='word_1_14' title='bbox 526 491 681 578; x_wconf 83' lang='lat' dir='ltr'><strong>abreptos</strong></span> <span class='ocrx_word' id='word_1_15' title='bbox 703 488 744 554; x_wconf 88' lang='lat' dir='ltr'><strong>ad</strong></span> <span class='ocrx_word' id='word_1_16' title='bbox 763 488 937 554; x_wconf 86' lang='lat' dir='ltr'><strong>Klotzium</strong></span> <span class='ocrx_word' id='word_1_17' title='bbox 957 489 1080 574; x_wconf 75' lang='lat' dir='ltr'><strong>delatus</strong></span> <span class='ocrx_word' id='word_1_18' title='bbox 1101 480 1163 572; x_wconf 62' lang='lat' dir='ltr'><strong>est,</strong></span> 
     </span>
     <span class='ocr_line' id='line_1_4' title="bbox 154 591 1199 682; baseline -0.003 -20"><span class='ocrx_word' id='word_1_19' title='bbox 154 598 248 681; x_wconf 85' lang='lat' dir='ltr'><strong>cujus</strong></span> <span class='ocrx_word' id='word_1_20' title='bbox 276 593 487 682; x_wconf 83' lang='lat' dir='ltr'><strong>praefationis</strong></span> <span class='ocrx_word' id='word_1_21' title='bbox 516 592 800 669; x_wconf 73' lang='lat' dir='ltr'><strong>commendatione</strong></span> <span class='ocrx_word' id='word_1_22' title='bbox 827 591 979 657; x_wconf 85' lang='lat' dir='ltr'><strong>libellum</strong></span> <span class='ocrx_word' id='word_1_23' title='bbox 1000 593 1040 658; x_wconf 88' lang='lat' dir='ltr'><strong>de</strong></span> <span class='ocrx_word' id='word_1_24' title='bbox 1061 594 1164 660; x_wconf 87' lang='lat' dir='ltr'><strong>vesti·</strong></span> <span class='ocrx_word' id='word_1_25' title='bbox 1189 632 1199 639; x_wconf 94' lang='lat'><em>-</em></span> 
     </span>
     <span class='ocr_line' id='line_1_5' title="bbox 153 679 1244 787; baseline -0.002 -21"><span class='ocrx_word' id='word_1_26' title='bbox 153 702 214 787; x_wconf 81' lang='lat' dir='ltr'><strong>giis</strong></span> <span class='ocrx_word' id='word_1_27' title='bbox 236 700 444 786; x_wconf 82' lang='lat' dir='ltr'><strong>Graecarum</strong></span> <span class='ocrx_word' id='word_1_28' title='bbox 457 679 681 768; x_wconf 85' lang='lat' dir='ltr'><strong>imitationum</strong></span> <span class='ocrx_word' id='word_1_29' title='bbox 702 717 787 779; x_wconf 89' lang='lat' dir='ltr'><strong>quae</strong></span> <span class='ocrx_word' id='word_1_30' title='bbox 813 693 850 761; x_wconf 87' lang='lat' dir='ltr'><strong>in</strong></span> <span class='ocrx_word' id='word_1_31' title='bbox 870 695 1012 760; x_wconf 84' lang='lat' dir='ltr'><strong>Horatio</strong></span> <span class='ocrx_word' id='word_1_32' title='bbox 1035 707 1165 774; x_wconf 82' lang='lat' dir='ltr'><strong>exstant</strong></span> <span class='ocrx_word' id='word_1_33' title='bbox 1237 693 1244 700; x_wconf 65' lang='grc'><strong><em>’</em></strong></span> 
     </span>
     <span class='ocr_line' id='line_1_6' title="bbox 105 788 1164 891; baseline -0.004 -22"><span class='ocrx_word' id='word_1_34' title='bbox 105 788 107 793; x_wconf 36' lang='grc'>’</span> <span class='ocrx_word' id='word_1_35' title='bbox 153 803 273 869; x_wconf 78' lang='lat' dir='ltr'><strong>emisit.</strong></span> <span class='ocrx_word' id='word_1_36' title='bbox 325 801 539 891; x_wconf 80' lang='lat' dir='ltr'><strong>Quamquam</strong></span> <span class='ocrx_word' id='word_1_37' title='bbox 567 823 643 881; x_wconf 88' lang='lat' dir='ltr'><strong>eum</strong></span> <span class='ocrx_word' id='word_1_38' title='bbox 670 797 732 865; x_wconf 87' lang='lat' dir='ltr'><strong>sibi</strong></span> <span class='ocrx_word' id='word_1_39' title='bbox 759 809 936 884; x_wconf 85' lang='lat' dir='ltr'><strong>pau-onum</strong></span> <span class='ocrx_word' id='word_1_40' title='bbox 965 799 1064 885; x_wconf 84' lang='lat' dir='ltr'><strong>etegit</strong></span> <span class='ocrx_word' id='word_1_41' title='bbox 1092 822 1164 865; x_wconf 89' lang='lat' dir='ltr'><strong>non</strong></span> 
     </span>
     <span class='ocr_line' id='line_1_7' title="bbox 153 898 1184 993; baseline -0.005 -20"><span class='ocrx_word' id='word_1_42' title='bbox 153 903 256 974; x_wconf 87' lang='lat' dir='ltr'><strong>animi</strong></span> <span class='ocrx_word' id='word_1_43' title='bbox 278 903 399 987; x_wconf 87' lang='lat' dir='ltr'><strong>judicio</strong></span> <span class='ocrx_word' id='word_1_44' title='bbox 413 900 643 988; x_wconf 69' lang='lat' dir='ltr'><strong>¹sententiaque</strong></span> <span class='ocrx_word' id='word_1_45' title='bbox 664 900 825 977; x_wconf 88' lang='lat' dir='ltr'><strong>inductus,</strong></span> <span class='ocrx_word' id='word_1_46' title='bbox 847 898 1184 993; x_wconf 61' lang='lat' dir='ltr'><strong>sed,fo1turraeiau·-</strong></span> 
     </span>
     <span class='ocr_line' id='line_1_8' title="bbox 154 994 1231 1096; baseline -0.003 -22"><span class='ocrx_word' id='word_1_47' title='bbox 154 1008 268 1094; x_wconf 89' lang='lat' dir='ltr'><strong>disque</strong></span> <span class='ocrx_word' id='word_1_48' title='bbox 290 1007 465 1096; x_wconf 83' lang='lat' dir='ltr'><strong>cupiditate</strong></span> <span class='ocrx_word' id='word_1_49' title='bbox 487 994 651 1092; x_wconf 73' lang='lat' dir='ltr'><strong>deceptus,</strong></span> <span class='ocrx_word' id='word_1_50' title='bbox 715 1000 793 1066; x_wconf 90' lang='lat' dir='ltr'><strong>Huc</strong></span> <span class='ocrx_word' id='word_1_51' title='bbox 821 1001 953 1068; x_wconf 84' lang='lat' dir='ltr'><strong>accessit</strong></span> <span class='ocrx_word' id='word_1_52' title='bbox 973 1014 1027 1084; x_wconf 89' lang='lat' dir='ltr'><strong>ut,</strong></span> <span class='ocrx_word' id='word_1_53' title='bbox 1048 1006 1088 1072; x_wconf 88' lang='lat' dir='ltr'><strong>de</strong></span> <span class='ocrx_word' id='word_1_54' title='bbox 1109 1007 1166 1071; x_wconf 80' lang='lat' dir='ltr'><strong>vi·</strong></span> <span class='ocrx_word' id='word_1_55' title='bbox 1228 1088 1231 1093; x_wconf 28' lang='grc' dir='ltr'>Ι</span> 
     </span>
     <span class='ocr_line' id='line_1_9' title="bbox 154 1104 1168 1198; baseline -0.006 -20"><span class='ocrx_word' id='word_1_56' title='bbox 154 1113 209 1179; x_wconf 84' lang='lat' dir='ltr'><strong>tiis</strong></span> <span class='ocrx_word' id='word_1_57' title='bbox 236 1133 321 1198; x_wconf 89' lang='lat' dir='ltr'><strong>quae</strong></span> <span class='ocrx_word' id='word_1_58' title='bbox 349 1111 385 1174; x_wconf 90' lang='lat' dir='ltr'><strong>in</strong></span> <span class='ocrx_word' id='word_1_59' title='bbox 414 1108 544 1196; x_wconf 73' lang='lat' dir='ltr'><strong>vulgari</strong></span> <span class='ocrx_word' id='word_1_60' title='bbox 564 1106 753 1172; x_wconf 82' lang='lat' dir='ltr'><strong>studiorum</strong></span> <span class='ocrx_word' id='word_1_61' title='bbox 773 1104 901 1183; x_wconf 79' lang='lat' dir='ltr'><strong>ratione</strong></span> <span class='ocrx_word' id='word_1_62' title='bbox 921 1117 1098 1172; x_wconf 75' lang='lat' dir='ltr'><strong>versantur</strong></span> <span class='ocrx_word' id='word_1_63' title='bbox 1119 1108 1168 1173; x_wconf 88' lang='lat' dir='ltr'><strong>li-</strong></span> 
     </span>
     <span class='ocr_line' id='line_1_10' title="bbox 154 1206 1253 1300; baseline -0.002 -19"><span class='ocrx_word' id='word_1_64' title='bbox 154 1216 266 1282; x_wconf 89' lang='lat' dir='ltr'><strong>berius</strong></span> <span class='ocrx_word' id='word_1_65' title='bbox 299 1209 544 1300; x_wconf 86' lang='lat' dir='ltr'><strong>pronuntiando</strong></span> <span class='ocrx_word' id='word_1_66' title='bbox 574 1206 796 1294; x_wconf 86' lang='lat' dir='ltr'><strong>quorumdam</strong></span> <span class='ocrx_word' id='word_1_67' title='bbox 822 1207 1008 1276; x_wconf 77' lang='lat' dir='ltr'>Doctorum</span> <span class='ocrx_word' id='word_1_68' title='bbox 1034 1207 1167 1287; x_wconf 63' lang='lat' dir='ltr'><strong>⁴animos</strong></span> <span class='ocrx_word' id='word_1_69' title='bbox 1196 1241 1205 1279; x_wconf 76' lang='grc' dir='ltr'><em>ῑ</em></span> <span class='ocrx_word' id='word_1_70' title='bbox 1247 1254 1253 1263; x_wconf 87' lang='lat'><strong>·</strong></span> 
     </span>
     <span class='ocr_line' id='line_1_11' title="bbox 141 1310 1170 1396; baseline -0.005 -12"><span class='ocrx_word' id='word_1_71' title='bbox 141 1342 175 1384; x_wconf 67' lang='lat' dir='ltr'><strong>,a</strong></span> <span class='ocrx_word' id='word_1_72' title='bbox 196 1341 238 1380; x_wconf 84' lang='lat' dir='ltr'><strong>se</strong></span> <span class='ocrx_word' id='word_1_73' title='bbox 254 1314 463 1380; x_wconf 81' lang='lat' dir='ltr'><strong>abalienaret.</strong></span> <span class='ocrx_word' id='word_1_74' title='bbox 518 1310 640 1396; x_wconf 72' lang='lat' dir='ltr'><strong>‘Quare</strong></span> <span class='ocrx_word' id='word_1_75' title='bbox 669 1331 708 1372; x_wconf 89' lang='lat' dir='ltr'><strong>eo</strong></span> <span class='ocrx_word' id='word_1_76' title='bbox 735 1311 806 1392; x_wconf 84' lang='lat' dir='ltr'><strong>ejus</strong></span> <span class='ocrx_word' id='word_1_77' title='bbox 827 1333 881 1375; x_wconf 81' lang='lat' dir='ltr'><strong>res</strong></span> <span class='ocrx_word' id='word_1_78' title='bbox 909 1312 1101 1395; x_wconf 86' lang='lat' dir='ltr'><strong>redierunt,</strong></span> <span class='ocrx_word' id='word_1_79' title='bbox 1127 1328 1170 1383; x_wconf 87' lang='lat' dir='ltr'><strong>ut</strong></span> 
     </span>
     <span class='ocr_line' id='line_1_12' title="bbox 66 1412 1170 1505; baseline -0.006 -18"><span class='ocrx_word' id='word_1_80' title='bbox 66 1426 69 1431; x_wconf 81' lang='grc'><strong>’</strong></span> <span class='ocrx_word' id='word_1_81' title='bbox 152 1419 308 1489; x_wconf 77' lang='lat' dir='ltr'><strong>formulis</strong></span> <span class='ocrx_word' id='word_1_82' title='bbox 330 1414 496 1482; x_wconf 85' lang='lat' dir='ltr'><strong>cantandis</strong></span> <span class='ocrx_word' id='word_1_83' title='bbox 516 1413 646 1480; x_wconf 82' lang='lat' dir='ltr'><strong>victum</strong></span> <span class='ocrx_word' id='word_1_84' title='bbox 667 1412 828 1498; x_wconf 58' lang='lat' dir='ltr'><strong>Quaerere</strong></span> <span class='ocrx_word' id='word_1_85' title='bbox 855 1426 1000 1499; x_wconf 83' lang='lat' dir='ltr'><strong>cogatur.</strong></span> <span class='ocrx_word' id='word_1_86' title='bbox 1050 1417 1170 1505; x_wconf 80' lang='lat' dir='ltr'><strong>Atque</strong></span> 
     </span>
    </p>
   </div>
   <div class='ocr_carea' id='block_1_3' title="bbox 34 1510 1255 1608">
    <p class='ocr_par' dir='ltr' id='par_1_3' title="bbox 34 1510 1255 1608">
     <span class='ocr_line' id='line_1_13' title="bbox 34 1510 1255 1608; baseline 0.001 -19"><span class='ocrx_word' id='word_1_87' title='bbox 34 1583 40 1595; x_wconf 76' lang='grc'><strong><em>,</em></strong></span> <span class='ocrx_word' id='word_1_88' title='bbox 147 1525 237 1592; x_wconf 81' lang='lat' dir='ltr'><strong>&#39;haec</strong></span> <span class='ocrx_word' id='word_1_89' title='bbox 267 1523 314 1587; x_wconf 87' lang='lat' dir='ltr'><strong>ita</strong></span> <span class='ocrx_word' id='word_1_90' title='bbox 336 1521 457 1608; x_wconf 88' lang='lat' dir='ltr'><strong>scripta</strong></span> <span class='ocrx_word' id='word_1_91' title='bbox 480 1539 550 1585; x_wconf 80' lang='lat' dir='ltr'><strong>esse</strong></span> <span class='ocrx_word' id='word_1_92' title='bbox 571 1539 592 1585; x_wconf 89' lang='lat' dir='ltr'><strong>a</strong></span> <span class='ocrx_word' id='word_1_93' title='bbox 611 1537 666 1583; x_wconf 86' lang='lat' dir='ltr'><strong>me</strong></span> <span class='ocrx_word' id='word_1_94' title='bbox 687 1510 768 1580; x_wconf 88' lang='lat' dir='ltr'><strong>scias</strong></span> <span class='ocrx_word' id='word_1_95' title='bbox 788 1526 826 1580; x_wconf 87' lang='lat' dir='ltr'><strong>ut</strong></span> <span class='ocrx_word' id='word_1_96' title='bbox 847 1515 961 1583; x_wconf 89' lang='lat' dir='ltr'><strong>omnia</strong></span> <span class='ocrx_word' id='word_1_97' title='bbox 980 1520 1112 1587; x_wconf 80' lang='lat' dir='ltr'><strong>veritati</strong></span> <span class='ocrx_word' id='word_1_98' title='bbox 1133 1534 1170 1589; x_wconf 93' lang='lat' dir='ltr'><strong>et</strong></span> <span class='ocrx_word' id='word_1_99' title='bbox 1251 1600 1255 1607; x_wconf 24' lang='lat'><strong>¹</strong></span> 
     </span>
    </p>
   </div>
   <div class='ocr_carea' id='block_1_4' title="bbox 87 1614 1174 2538">
    <p class='ocr_par' dir='ltr' id='par_1_4' title="bbox 87 1614 1174 2538">
     <span class='ocr_line' id='line_1_14' title="bbox 100 1614 1171 1712; baseline -0.005 -17"><span class='ocrx_word' id='word_1_100' title='bbox 100 1625 105 1636; x_wconf 78' lang='grc'>’</span> <span class='ocrx_word' id='word_1_101' title='bbox 154 1628 327 1695; x_wconf 87' lang='lat' dir='ltr'><strong>literarum</strong></span> <span class='ocrx_word' id='word_1_102' title='bbox 355 1621 478 1701; x_wconf 82' lang='lat' dir='ltr'><strong>amori,</strong></span> <span class='ocrx_word' id='word_1_103' title='bbox 505 1619 551 1685; x_wconf 86' lang='lat' dir='ltr'><strong>nil</strong></span> <span class='ocrx_word' id='word_1_104' title='bbox 581 1617 758 1703; x_wconf 83' lang='lat' dir='ltr'><strong>hominum</strong></span> <span class='ocrx_word' id='word_1_105' title='bbox 790 1614 950 1682; x_wconf 81' lang='lat' dir='ltr'><strong>amicitiae</strong></span> <span class='ocrx_word' id='word_1_106' title='bbox 970 1620 1171 1712; x_wconf 78' lang='lat' dir='ltr'><strong>tribuerem.</strong></span> 
     </span>
     <span class='ocr_line' id='line_1_15' title="bbox 139 1712 1173 1817; baseline -0.01 -18"><span class='ocrx_word' id='word_1_107' title='bbox 139 1712 273 1817; x_wconf 83' lang='lat' dir='ltr'><strong>¹Itaque</strong></span> <span class='ocrx_word' id='word_1_108' title='bbox 298 1749 354 1793; x_wconf 89' lang='lat' dir='ltr'><strong>eos</strong></span> <span class='ocrx_word' id='word_1_109' title='bbox 383 1726 418 1790; x_wconf 91' lang='lat' dir='ltr'><strong>in</strong></span> <span class='ocrx_word' id='word_1_110' title='bbox 440 1724 516 1788; x_wconf 88' lang='lat' dir='ltr'><strong>Tua</strong></span> <span class='ocrx_word' id='word_1_111' title='bbox 537 1720 601 1789; x_wconf 86' lang='lat' dir='ltr'><strong>fide</strong></span> <span class='ocrx_word' id='word_1_112' title='bbox 622 1722 801 1806; x_wconf 85' lang='lat' dir='ltr'><strong>tutelaque.</strong></span> <span class='ocrx_word' id='word_1_113' title='bbox 816 1739 963 1808; x_wconf 84' lang='lat' dir='ltr'><strong>repono,</strong></span> <span class='ocrx_word' id='word_1_114' title='bbox 984 1735 1126 1811; x_wconf 86' lang='lat' dir='ltr'><strong>petoque</strong></span> <span class='ocrx_word' id='word_1_115' title='bbox 1150 1751 1173 1795; x_wconf 70' lang='lat' dir='ltr'><strong>a</strong></span> 
     </span>
     <span class='ocr_line' id='line_1_16' title="bbox 158 1821 1171 1916; baseline -0.003 -16"><span class='ocrx_word' id='word_1_116' title='bbox 158 1836 210 1911; x_wconf 86' lang='lat' dir='ltr'><strong>Tc</strong></span> <span class='ocrx_word' id='word_1_117' title='bbox 234 1845 266 1897; x_wconf 86' lang='lat' dir='ltr'><strong>et</strong></span> <span class='ocrx_word' id='word_1_118' title='bbox 288 1852 379 1916; x_wconf 84' lang='lat' dir='ltr'><strong>rogo,</strong></span> <span class='ocrx_word' id='word_1_119' title='bbox 399 1837 445 1906; x_wconf 88' lang='lat' dir='ltr'><strong>ut,</strong></span> <span class='ocrx_word' id='word_1_120' title='bbox 468 1826 496 1890; x_wconf 92' lang='lat' dir='ltr'><strong>si</strong></span> <span class='ocrx_word' id='word_1_121' title='bbox 519 1825 598 1910; x_wconf 88' lang='lat' dir='ltr'><strong>quid</strong></span> <span class='ocrx_word' id='word_1_122' title='bbox 622 1825 656 1892; x_wconf 88' lang='lat' dir='ltr'><strong>in</strong></span> <span class='ocrx_word' id='word_1_123' title='bbox 678 1846 733 1890; x_wconf 87' lang='lat' dir='ltr'><strong>me</strong></span> <span class='ocrx_word' id='word_1_124' title='bbox 749 1821 917 1888; x_wconf 84' lang='lat' dir='ltr'><strong>conferres</strong></span> <span class='ocrx_word' id='word_1_125' title='bbox 929 1824 1171 1897; x_wconf 86' lang='lat' dir='ltr'><strong>benivolentiae</strong></span> 
     </span>
     <span class='ocr_line' id='line_1_17' title="bbox 157 1924 1173 2023; baseline 0 -24"><span class='ocrx_word' id='word_1_126' title='bbox 157 1935 312 2023; x_wconf 83' lang='lat' dir='ltr'><strong>precibus</strong></span> <span class='ocrx_word' id='word_1_127' title='bbox 334 1929 415 1993; x_wconf 85' lang='lat' dir='ltr'><strong>meis</strong></span> <span class='ocrx_word' id='word_1_128' title='bbox 443 1927 565 1993; x_wconf 77' lang='lat' dir='ltr'><strong>victust</strong></span> <span class='ocrx_word' id='word_1_129' title='bbox 595 1924 1081 2012; x_wconf 81' lang='lat' dir='ltr'><strong>quamquam&#39;benivoientiam</strong></span> <span class='ocrx_word' id='word_1_130' title='bbox 1103 1955 1173 2019; x_wconf 81' lang='lat' dir='ltr'><strong>quo</strong></span> 
     </span>
     <span class='ocr_line' id='line_1_18' title="bbox 157 2028 1173 2114; baseline -0.002 -13"><span class='ocrx_word' id='word_1_131' title='bbox 157 2060 234 2106; x_wconf 86' lang='lat' dir='ltr'><strong>meo</strong></span> <span class='ocrx_word' id='word_1_132' title='bbox 265 2059 285 2102; x_wconf 86' lang='lat' dir='ltr'><strong>a</strong></span> <span class='ocrx_word' id='word_1_133' title='bbox 314 2033 366 2099; x_wconf 80' lang='lat' dir='ltr'><strong>Te</strong></span> <span class='ocrx_word' id='word_1_134' title='bbox 395 2029 517 2095; x_wconf 87' lang='lat' dir='ltr'><strong>merito</strong></span> <span class='ocrx_word' id='word_1_135' title='bbox 545 2039 733 2114; x_wconf 81' lang='lat' dir='ltr'><strong>exspectem</strong></span> <span class='ocrx_word' id='word_1_136' title='bbox 761 2028 889 2094; x_wconf 80' lang='lat' dir='ltr'><strong>nescio:</strong></span> <span class='ocrx_word' id='word_1_137' title='bbox 917 2031 973 2096; x_wconf 76' lang='lat' dir='ltr'><strong>secl</strong></span> <span class='ocrx_word' id='word_1_138' title='bbox 1001 2036 1173 2104; x_wconf 82' lang='lat' dir='ltr'><strong>tamensi</strong></span> 
     </span>
     <span class='ocr_line' id='line_1_19' title="bbox 158 2129 1174 2230; baseline -0.001 -24"><span class='ocrx_word' id='word_1_139' title='bbox 158 2141 239 2229; x_wconf 77' lang='lat' dir='ltr'><strong>quid</strong></span> <span class='ocrx_word' id='word_1_140' title='bbox 260 2140 295 2204; x_wconf 90' lang='lat' dir='ltr'><strong>in</strong></span> <span class='ocrx_word' id='word_1_141' title='bbox 317 2159 370 2203; x_wconf 89' lang='lat' dir='ltr'><strong>me</strong></span> <span class='ocrx_word' id='word_1_142' title='bbox 391 2131 562 2211; x_wconf 68' lang='lat' dir='ltr'><strong>suauitatis</strong></span> <span class='ocrx_word' id='word_1_143' title='bbox 583 2129 766 2213; x_wconf 85' lang='lat' dir='ltr'><strong>conferres,</strong></span> <span class='ocrx_word' id='word_1_144' title='bbox 795 2129 857 2198; x_wconf 87' lang='lat' dir='ltr'><strong>hoc</strong></span> <span class='ocrx_word' id='word_1_145' title='bbox 884 2132 920 2199; x_wconf 89' lang='lat' dir='ltr'><strong>in</strong></span> <span class='ocrx_word' id='word_1_146' title='bbox 948 2136 1070 2205; x_wconf 86' lang='lat' dir='ltr'><strong>amicos</strong></span> <span class='ocrx_word' id='word_1_147' title='bbox 1090 2140 1174 2230; x_wconf 75' lang='lat' dir='ltr'><strong>istos</strong></span> 
     </span>
     <span class='ocr_line' id='line_1_20' title="bbox 87 2236 1171 2333; baseline 0 -25"><span class='ocrx_word' id='word_1_148' title='bbox 87 2281 89 2286; x_wconf 61' lang='lat'>=</span> <span class='ocrx_word' id='word_1_149' title='bbox 158 2267 250 2324; x_wconf 83' lang='lat' dir='ltr'><strong>meos</strong></span> <span class='ocrx_word' id='word_1_150' title='bbox 270 2237 448 2313; x_wconf 82' lang='lat' dir='ltr'><strong>transferas</strong></span> <span class='ocrx_word' id='word_1_151' title='bbox 470 2246 502 2299; x_wconf 87' lang='lat' dir='ltr'><strong>et</strong></span> <span class='ocrx_word' id='word_1_152' title='bbox 523 2236 726 2316; x_wconf 78' lang='lat' dir='ltr'><strong>accumules,</strong></span> <span class='ocrx_word' id='word_1_153' title='bbox 750 2255 872 2323; x_wconf 84' lang='lat' dir='ltr'><strong>eosque</strong></span> <span class='ocrx_word' id='word_1_154' title='bbox 887 2247 945 2302; x_wconf 87' lang='lat' dir='ltr'><strong>tua</strong></span> <span class='ocrx_word' id='word_1_155' title='bbox 956 2240 1171 2333; x_wconf 75' lang='lat' dir='ltr'><strong>commenda-</strong></span> 
     </span>
     <span class='ocr_line' id='line_1_21' title="bbox 159 2335 1173 2433; baseline -0.005 -20"><span class='ocrx_word' id='word_1_156' title='bbox 159 2350 248 2414; x_wconf 88' lang='lat' dir='ltr'><strong>tione</strong></span> <span class='ocrx_word' id='word_1_157' title='bbox 277 2346 331 2411; x_wconf 85' lang='lat' dir='ltr'><strong>vel</strong></span> <span class='ocrx_word' id='word_1_158' title='bbox 359 2339 505 2406; x_wconf 84' lang='lat' dir='ltr'><strong>vindices</strong></span> <span class='ocrx_word' id='word_1_159' title='bbox 531 2337 571 2403; x_wconf 88' lang='lat' dir='ltr'><strong>ab</strong></span> <span class='ocrx_word' id='word_1_160' title='bbox 601 2335 783 2427; x_wconf 73' lang='lat' dir='ltr'><strong>oblivione,</strong></span> <span class='ocrx_word' id='word_1_161' title='bbox 810 2338 864 2405; x_wconf 91' lang='lat' dir='ltr'><strong>vel</strong></span> <span class='ocrx_word' id='word_1_162' title='bbox 893 2361 932 2406; x_wconf 89' lang='lat' dir='ltr'><strong>ec</strong></span> <span class='ocrx_word' id='word_1_163' title='bbox 962 2341 1036 2408; x_wconf 87' lang='lat' dir='ltr'><strong>loco</strong></span> <span class='ocrx_word' id='word_1_164' title='bbox 1056 2365 1173 2433; x_wconf 78' lang='lat' dir='ltr'><strong>ponas,</strong></span> 
     </span>
     <span class='ocr_line' id='line_1_22' title="bbox 160 2439 961 2538; baseline -0.009 -24"><span class='ocrx_word' id='word_1_165' title='bbox 160 2473 226 2538; x_wconf 89' lang='lat' dir='ltr'><strong>quo</strong></span> <span class='ocrx_word' id='word_1_166' title='bbox 246 2448 351 2514; x_wconf 83' lang='lat' dir='ltr'><strong>literis</strong></span> <span class='ocrx_word' id='word_1_167' title='bbox 373 2439 673 2528; x_wconf 80' lang='lat' dir='ltr'><strong>nostrisprodesse</strong></span> <span class='ocrx_word' id='word_1_168' title='bbox 696 2451 828 2526; x_wconf 82' lang='lat' dir='ltr'><strong>queant.</strong></span> <span class='ocrx_word' id='word_1_169' title='bbox 956 2445 961 2449; x_wconf 78' lang='grc'><strong>’</strong></span> 
     </span>
    </p>
   </div>
   <div class='ocr_carea' id='block_1_5' title="bbox 160 2574 1174 2975">
    <p class='ocr_par' dir='ltr' id='par_1_5' title="bbox 160 2574 1174 2975">
     <span class='ocr_line' id='line_1_23' title="bbox 244 2574 1173 2664; baseline 0 -1"><span class='ocrx_word' id='word_1_170' title='bbox 244 2599 289 2663; x_wconf 86' lang='lat' dir='ltr'><strong>Et</strong></span> <span class='ocrx_word' id='word_1_171' title='bbox 310 2596 411 2662; x_wconf 82' lang='lat' dir='ltr'><strong>facies</strong></span> <span class='ocrx_word' id='word_1_172' title='bbox 431 2574 716 2661; x_wconf 76' lang='lat' dir='ltr'><strong>nimirumt³nam</strong></span> <span class='ocrx_word' id='word_1_173' title='bbox 738 2606 771 2657; x_wconf 88' lang='lat' dir='ltr'><strong>et</strong></span> <span class='ocrx_word' id='word_1_174' title='bbox 783 2596 874 2662; x_wconf 87' lang='lat' dir='ltr'><strong>voles</strong></span> <span class='ocrx_word' id='word_1_175' title='bbox 887 2578 1060 2664; x_wconf 76' lang='lat' dir='ltr'><strong>literanum</strong></span> <span class='ocrx_word' id='word_1_176' title='bbox 1072 2621 1173 2663; x_wconf 83' lang='lat' dir='ltr'><strong>caus-</strong></span> 
     </span>
     <span class='ocr_line' id='line_1_24' title="bbox 160 2692 1174 2792; baseline 0.003 -25"><span class='ocrx_word' id='word_1_177' title='bbox 160 2727 204 2768; x_wconf 89' lang='lat' dir='ltr'><strong>sa·</strong></span> <span class='ocrx_word' id='word_1_178' title='bbox 218 2701 337 2792; x_wconf 86' lang='lat' dir='ltr'><strong>quibus</strong></span> <span class='ocrx_word' id='word_1_179' title='bbox 359 2711 463 2762; x_wconf 87' lang='lat' dir='ltr'><strong>totam</strong></span> <span class='ocrx_word' id='word_1_180' title='bbox 484 2697 591 2760; x_wconf 84' lang='lat' dir='ltr'><strong>vitam</strong></span> <span class='ocrx_word' id='word_1_181' title='bbox 610 2695 818 2783; x_wconf 80' lang='lat' dir='ltr'><strong>impendisti,</strong></span> <span class='ocrx_word' id='word_1_182' title='bbox 840 2692 876 2765; x_wconf 55' lang='lat' dir='ltr'><strong>et&#39;</strong></span> <span class='ocrx_word' id='word_1_183' title='bbox 891 2699 1011 2789; x_wconf 86' lang='lat' dir='ltr'><strong>poteris</strong></span> <span class='ocrx_word' id='word_1_184' title='bbox 1031 2715 1174 2791; x_wconf 86' lang='lat' dir='ltr'><strong>propter</strong></span> 
     </span>
     <span class='ocr_line' id='line_1_25' title="bbox 160 2797 1174 2890; baseline 0.002 -19"><span class='ocrx_word' id='word_1_185' title='bbox 160 2825 327 2872; x_wconf 86' lang='lat' dir='ltr'><strong>summam</strong></span> <span class='ocrx_word' id='word_1_186' title='bbox 357 2800 459 2886; x_wconf 80' lang='lat' dir='ltr'><strong>quam</strong></span> <span class='ocrx_word' id='word_1_187' title='bbox 486 2797 566 2865; x_wconf 84' lang='lat' dir='ltr'><strong>Tibi</strong></span> <span class='ocrx_word' id='word_1_188' title='bbox 592 2797 657 2863; x_wconf 85' lang='lat' dir='ltr'><strong>tuis</strong></span> <span class='ocrx_word' id='word_1_189' title='bbox 686 2801 884 2890; x_wconf 79' lang='lat' dir='ltr'><strong>comparasti</strong></span> <span class='ocrx_word' id='word_1_190' title='bbox 911 2802 1088 2872; x_wconf 83' lang='lat' dir='ltr'><strong>virtutibus</strong></span> <span class='ocrx_word' id='word_1_191' title='bbox 1109 2829 1174 2873; x_wconf 88' lang='lat' dir='ltr'><strong>au·</strong></span> 
     </span>
     <span class='ocr_line' id='line_1_26' title="bbox 161 2908 933 2975; baseline -0.008 0"><span class='ocrx_word' id='word_1_192' title='bbox 161 2908 355 2975; x_wconf 87' lang='lat' dir='ltr'><strong>ctoritateiu.</strong></span> <span class='ocrx_word' id='word_1_193' title='bbox 926 2923 933 2939; x_wconf 91' lang='grc'><strong><em>·</em></strong></span> 
     </span>
    </p>
   </div>
   <div class='ocr_carea' id='block_1_6' title="bbox 132 3047 1262 3977">
    <p class='ocr_par' dir='ltr' id='par_1_6' title="bbox 132 3047 1262 3977">
     <span class='ocr_line' id='line_1_27' title="bbox 244 3047 1176 3147; baseline 0.003 -20"><span class='ocrx_word' id='word_1_194' title='bbox 244 3063 399 3128; x_wconf 83' lang='lat' dir='ltr'><strong>Ceterum</strong></span> <span class='ocrx_word' id='word_1_195' title='bbox 428 3075 505 3120; x_wconf 90' lang='lat' dir='ltr'><strong>cum</strong></span> <span class='ocrx_word' id='word_1_196' title='bbox 533 3053 602 3147; x_wconf 83' lang='lat' dir='ltr'><strong>jam</strong></span> <span class='ocrx_word' id='word_1_197' title='bbox 615 3052 667 3121; x_wconf 73' lang='lat' dir='ltr'><strong>lin</strong></span> <span class='ocrx_word' id='word_1_198' title='bbox 696 3075 737 3121; x_wconf 86' lang='lat' dir='ltr'><strong>eo</strong></span> <span class='ocrx_word' id='word_1_199' title='bbox 766 3047 870 3124; x_wconf 78' lang='lat' dir='ltr'><strong>essem</strong></span> <span class='ocrx_word' id='word_1_200' title='bbox 897 3071 936 3125; x_wconf 85' lang='lat' dir='ltr'><strong>ut</strong></span> <span class='ocrx_word' id='word_1_201' title='bbox 965 3059 1069 3131; x_wconf 89' lang='lat' dir='ltr'><strong>finem</strong></span> <span class='ocrx_word' id='word_1_202' title='bbox 1094 3063 1176 3130; x_wconf 81' lang='lat' dir='ltr'><strong>huic</strong></span> 
     </span>
     <span class='ocr_line' id='line_1_28' title="bbox 158 3159 1175 3255; baseline 0 -24"><span class='ocrx_word' id='word_1_203' title='bbox 158 3166 368 3255; x_wconf 83' lang='lat' dir='ltr'><strong>imponerem</strong></span> <span class='ocrx_word' id='word_1_204' title='bbox 383 3159 565 3251; x_wconf 84' lang='lat' dir='ltr'><strong>epistolae,</strong></span> <span class='ocrx_word' id='word_1_205' title='bbox 593 3180 666 3223; x_wconf 90' lang='lat' dir='ltr'><strong>ecce</strong></span> <span class='ocrx_word' id='word_1_206' title='bbox 692 3159 850 3226; x_wconf 85' lang='lat' dir='ltr'><strong>mirifica.</strong></span> <span class='ocrx_word' id='word_1_207' title='bbox 863 3161 1034 3251; x_wconf 85' lang='lat' dir='ltr'><strong>voluptate</strong></span> <span class='ocrx_word' id='word_1_208' title='bbox 1048 3170 1094 3239; x_wconf 67' lang='lat' dir='ltr'><strong>feo</strong></span> <span class='ocrx_word' id='word_1_209' title='bbox 1112 3164 1175 3231; x_wconf 81' lang='lat' dir='ltr'><strong>ab·</strong></span> 
     </span>
     <span class='ocr_line' id='line_1_29' title="bbox 159 3260 1175 3354; baseline 0.003 -20"><span class='ocrx_word' id='word_1_210' title='bbox 159 3282 275 3354; x_wconf 83' lang='lat' dir='ltr'><strong>reptos</strong></span> <span class='ocrx_word' id='word_1_211' title='bbox 302 3289 378 3331; x_wconf 86' lang='lat' dir='ltr'><strong>sum</strong></span> <span class='ocrx_word' id='word_1_212' title='bbox 403 3276 440 3328; x_wconf 88' lang='lat' dir='ltr'><strong>ut</strong></span> <span class='ocrx_word' id='word_1_213' title='bbox 468 3260 547 3326; x_wconf 86' lang='lat' dir='ltr'><strong>Tibi</strong></span> <span class='ocrx_word' id='word_1_214' title='bbox 576 3261 616 3326; x_wconf 86' lang='lat' dir='ltr'><strong>de</strong></span> <span class='ocrx_word' id='word_1_215' title='bbox 644 3262 830 3330; x_wconf 81' lang='lat' dir='ltr'><strong>studiorum</strong></span> <span class='ocrx_word' id='word_1_216' title='bbox 858 3285 1014 3333; x_wconf 87' lang='lat' dir='ltr'><strong>meorum</strong></span> <span class='ocrx_word' id='word_1_217' title='bbox 1045 3269 1175 3337; x_wconf 83' lang='lat' dir='ltr'><strong>ratione</strong></span> 
     </span>
     <span class='ocr_line' id='line_1_30' title="bbox 159 3358 1262 3458; baseline 0.005 -24"><span class='ocrx_word' id='word_1_218' title='bbox 159 3370 306 3434; x_wconf 85' lang='lat' dir='ltr'><strong>breviter</strong></span> <span class='ocrx_word' id='word_1_219' title='bbox 328 3387 551 3458; x_wconf 62' lang='lat' dir='ltr'><strong>exponerem..</strong></span> <span class='ocrx_word' id='word_1_220' title='bbox 592 3364 683 3452; x_wconf 82' lang='lat' dir='ltr'><strong>Ego,</strong></span> <span class='ocrx_word' id='word_1_221' title='bbox 704 3365 769 3432; x_wconf 85' lang='lat' dir='ltr'><strong>Vir</strong></span> <span class='ocrx_word' id='word_1_222' title='bbox 790 3391 941 3450; x_wconf 82' lang='lat' dir='ltr'><strong>summe,</strong></span> <span class='ocrx_word' id='word_1_223' title='bbox 962 3393 1062 3448; x_wconf 82' lang='lat' dir='ltr'><strong>omne</strong></span> <span class='ocrx_word' id='word_1_224' title='bbox 1084 3372 1176 3458; x_wconf 89' lang='lat' dir='ltr'><strong>quod</strong></span> <span class='ocrx_word' id='word_1_225' title='bbox 1258 3358 1262 3364; x_wconf 39' lang='lat'><strong>⁴</strong></span> 
     </span>
     <span class='ocr_line' id='line_1_31' title="bbox 159 3458 1175 3558; baseline 0.001 -20"><span class='ocrx_word' id='word_1_226' title='bbox 159 3470 245 3538; x_wconf 88' lang='lat' dir='ltr'><strong>mihi</strong></span> <span class='ocrx_word' id='word_1_227' title='bbox 267 3492 286 3532; x_wconf 89' lang='lat' dir='ltr'><strong>a</strong></span> <span class='ocrx_word' id='word_1_228' title='bbox 308 3470 426 3536; x_wconf 87' lang='lat' dir='ltr'><strong>scholis</strong></span> <span class='ocrx_word' id='word_1_229' title='bbox 447 3468 591 3534; x_wconf 76' lang='lat' dir='ltr'><strong>liberum</strong></span> <span class='ocrx_word' id='word_1_230' title='bbox 613 3479 661 3532; x_wconf 87' lang='lat' dir='ltr'><strong>est</strong></span> <span class='ocrx_word' id='word_1_231' title='bbox 679 3458 809 3558; x_wconf 83' lang='lat' dir='ltr'><strong>tempus</strong></span> <span class='ocrx_word' id='word_1_232' title='bbox 823 3472 861 3537; x_wconf 85' lang='lat' dir='ltr'><strong>in</strong></span> <span class='ocrx_word' id='word_1_233' title='bbox 874 3470 1057 3541; x_wconf 80' lang='lat' dir='ltr'><strong>Plutarcho</strong></span> <span class='ocrx_word' id='word_1_234' title='bbox 1073 3474 1175 3541; x_wconf 91' lang='lat' dir='ltr'><strong>collo-</strong></span> 
     </span>
     <span class='ocr_line' id='line_1_32' title="bbox 132 3571 1177 3660; baseline 0.003 -22"><span class='ocrx_word' id='word_1_235' title='bbox 132 3599 135 3603; x_wconf 91' lang='lat'>·</span> <span class='ocrx_word' id='word_1_236' title='bbox 161 3597 200 3642; x_wconf 90' lang='lat' dir='ltr'><strong>co</strong></span> <span class='ocrx_word' id='word_1_237' title='bbox 229 3572 270 3636; x_wconf 89' lang='lat' dir='ltr'><strong>ad</strong></span> <span class='ocrx_word' id='word_1_238' title='bbox 300 3595 424 3636; x_wconf 85' lang='lat' dir='ltr'><strong>novam</strong></span> <span class='ocrx_word' id='word_1_239' title='bbox 452 3571 627 3637; x_wconf 85' lang='lat' dir='ltr'><strong>editionem</strong></span> <span class='ocrx_word' id='word_1_240' title='bbox 656 3573 862 3660; x_wconf 82' lang='lat' dir='ltr'><strong>expoliendo.</strong></span> <span class='ocrx_word' id='word_1_241' title='bbox 914 3575 1019 3657; x_wconf 83' lang='lat' dir='ltr'><strong>Cujus</strong></span> <span class='ocrx_word' id='word_1_242' title='bbox 1047 3575 1177 3642; x_wconf 86' lang='lat' dir='ltr'><strong>consilii</strong></span> 
     </span>
     <span class='ocr_line' id='line_1_33' title="bbox 162 3674 1177 3766; baseline 0.001 -24"><span class='ocrx_word' id='word_1_243' title='bbox 162 3677 337 3753; x_wconf 79' lang='lat' dir='ltr'><strong>comante</strong></span> <span class='ocrx_word' id='word_1_244' title='bbox 357 3674 485 3759; x_wconf 73' lang='lat' dir='ltr'><strong>aliquot</strong></span> <span class='ocrx_word' id='word_1_245' title='bbox 504 3696 608 3740; x_wconf 87' lang='lat' dir='ltr'><strong>annos</strong></span> <span class='ocrx_word' id='word_1_246' title='bbox 628 3674 781 3741; x_wconf 84' lang='lat' dir='ltr'><strong>libellum</strong></span> <span class='ocrx_word' id='word_1_247' title='bbox 803 3677 935 3766; x_wconf 81' lang='lat' dir='ltr'><strong>deSer.</strong></span> <span class='ocrx_word' id='word_1_248' title='bbox 956 3680 1061 3747; x_wconf 74' lang='lat' dir='ltr'><strong>Nunn</strong></span> <span class='ocrx_word' id='word_1_249' title='bbox 1082 3677 1177 3743; x_wconf 88' lang='lat' dir='ltr'><strong>Vin·</strong></span> 
     </span>
     <span class='ocr_line' id='line_1_34' title="bbox 162 3776 1179 3871; baseline 0.002 -24"><span class='ocrx_word' id='word_1_250' title='bbox 162 3783 247 3847; x_wconf 89' lang='lat' dir='ltr'><strong>dicta</strong></span> <span class='ocrx_word' id='word_1_251' title='bbox 266 3778 338 3842; x_wconf 89' lang='lat' dir='ltr'><strong>loco</strong></span> <span class='ocrx_word' id='word_1_252' title='bbox 361 3777 548 3871; x_wconf 80' lang='lat' dir='ltr'><strong>speciminis</strong></span> <span class='ocrx_word' id='word_1_253' title='bbox 571 3776 777 3857; x_wconf 85' lang='lat' dir='ltr'><strong>emitterem,</strong></span> <span class='ocrx_word' id='word_1_254' title='bbox 798 3780 1017 3863; x_wconf 84' lang='lat' dir='ltr'><strong>animadverti</strong></span> <span class='ocrx_word' id='word_1_255' title='bbox 1037 3801 1093 3847; x_wconf 88' lang='lat' dir='ltr'><strong>me</strong></span> <span class='ocrx_word' id='word_1_256' title='bbox 1114 3803 1179 3849; x_wconf 75' lang='lat' dir='ltr'><strong>oo·</strong></span> 
     </span>
     <span class='ocr_line' id='line_1_35' title="bbox 160 3877 1177 3977; baseline 0.001 -27"><span class='ocrx_word' id='word_1_257' title='bbox 160 3883 257 3971; x_wconf 18' lang='lat' dir='ltr'><strong>pioso,</strong></span> <span class='ocrx_word' id='word_1_258' title='bbox 277 3877 521 3947; x_wconf 86' lang='lat' dir='ltr'><strong>commentandi</strong></span> <span class='ocrx_word' id='word_1_259' title='bbox 547 3902 669 3977; x_wconf 76' lang='lat' dir='ltr'><strong>genere</strong></span> <span class='ocrx_word' id='word_1_260' title='bbox 687 3882 726 3949; x_wconf 87' lang='lat' dir='ltr'><strong>in</strong></span> <span class='ocrx_word' id='word_1_261' title='bbox 746 3887 969 3972; x_wconf 80' lang='lat' dir='ltr'><strong>quorumdam</strong></span> <span class='ocrx_word' id='word_1_262' title='bbox 987 3884 1177 3973; x_wconf 65' lang='lat' dir='ltr'><strong>reprensa.</strong></span> 
     </span>
    </p>
   </div>
   <div class='ocr_carea' id='block_1_7' title="bbox 0 0 1331 4524">
    <p class='ocr_par' dir='ltr' id='par_1_7' title="bbox 0 0 1331 4524">
     <span class='ocr_line' id='line_1_36' title="bbox 0 0 1331 4524; baseline 0 0"><span class='ocrx_word' id='word_1_263' title='bbox 0 0 1331 4524; x_wconf 95' lang='lat' dir='ltr'><strong> </strong></span> 
     </span>
    </p>
   </div>
  </div>
 </body>
</html>
