2626 4524
488 307 732 339 Μ
1031 302 1036 311 ·
1060 276 1128 367 '¹99

87 484 94 501 .·
121 432 359 529 stibus'uuigua
378 434 508 524 haeret,
528 434 601 508 rem
613 440 710 529 pauci
724 439 936 528 perspiciunt·
970 439 1034 506 Sed
1049 444 1126 504 cum

91 624 95 629 Ι
121 534 251 634 duplex
278 548 458 634 imperium
478 557 583 626 esset,
612 545 755 612 alterum
782 543 818 608 in
848 543 946 620 urbe,
980 541 1124 609 alterum

84 708 88 717 .
119 662 218 739 entra
238 649 357 715 urbem
371 648 411 714 'in
423 647 597 741 exercitus
616 645 891 736 provinciasque3
910 645 1043 731 utrique
1059 669 1124 712 no-

117 751 211 816 mine
231 764 326 839 apta,
347 748 402 817 aed
424 774 463 816 ea
484 773 615 839 quoque
635 750 753 816 usitata
774 748 810 814 in
831 748 935 815 libera
953 735 1124 836 republica
1202 816 1205 821 ,

118 838 151 945 sit
164 854 259 919 mitia
274 854 398 922 tribuit,
439 856 530 926 Nam
543 852 724 940 imperium
743 851 912 917 urbanum
932 848 1123 916 tribunitiae

112 957 281 1044 potestatis
300 957 436 1025 nomine
457 956 650 1047 usurpavit,
680 954 721 1020 ab
744 955 846 1020 altero
874 976 909 1018 sc
929 940 1125 1019 Proconsu-⁸

113 1058 183 1125 lem
203 1059 366 1149 appellari
382 1052 668 1126 senatusconsulto
689 1057 826 1125 curavit.
876 1057 929 1123 De
949 1051 1120 1120 tribunitia

113 1160 250 1247 quidem
272 1172 428 1249 potestate
450 1162 600 1230 Tacitus:
620 1161 659 1230 Iti
687 1161 811 1228 summi
831 1157 950 1245 fastigii
969 1154 1117 1249 yocabn-

107 1261 194 1357 ‘lum'
211 1263 384 1351 Augustus
411 1265 551 1352 reperit,
578 1289 621 1333 ne
647 1266 748 1352 Regis
778 1275 835 1330 aut
854 1254 1033 1329 Dictatoris
1053 1280 1157 1353 noy

110 1368 198 1459 men·
212 1382 392 1439 assumeret
399 1416 417 1456 ,7
441 1392 480 1433 ac
506 1379 618 1434 tamen
639 1367 855 1457 appellatione
876 1365 986 1450 aliqua
1006 1372 1130 1460 cetera
1194 1392 1198 1396 ·

108 1462 251 1555 imperia
269 1471 507 1557 praemineret·
541 1473 594 1538 De
615 1471 854 1538 Proconsulatu
874 1479 1019 1549 auctores
1033 1473 1128 1557 'suut'

108 1567 176 1652 Dio
191 1560 330 1638 cassius
344 1586 375 1639 et
394 1560 595 1659 Suetonius-p
621 1574 695 1639 lam
715 1572 790 1639 satis
812 1583 945 1648 constat,
968 1567 1126 1647 Tribuni,

107 1693 231 1753 nomen
251 1673 332 1757 olim
353 1673 468 1739 datum
488 1699 558 1741 esse
577 1676 629 1759 iis,
651 1676 709 1762 qui
727 1672 862 1764 proprie
880 1697 923 1738 ne
937 1670 1111 1757 magistra-

107 1776 160 1841 tus
180 1776 313 1865 quidem
334 1789 456 1857 essent,
490 1801 550 1842 nec
571 1777 823 1867 magistratuum
848 1773 989 1864 insignia
1006 1773 1113 1840 habe·

106 1891 199 1956 rent,
221 1878 275 1945 sed
296 1879 412 1969 populi
430 1878 654 1968 libertatisque
673 1867 814 1951 tuendae
834 1901 951 1951 curam
970 1877 1111 1958 sustine-

105 1995 188 2061 rent.
236 1982 318 2047 Non
347 1981 458 2068 itaque
485 1983 592 2069 magis
618 1985 781 2073 populare
808 1996 865 2050 aut
885 1983 998 2059 minus
1018 1979 1112 2046 invi-

104 2100 182 2150 tum
200 2106 325 2150 nomen
345 2108 513 2150 assumere
531 2099 668 2172 poterat.
709 2089 772 2152 Sed
801 2100 871 2155 erat
891 2086 979 2153 idem
999 2097 1111 2151 tamen

102 2185 169 2253 illis
189 2186 393 2273 temporibus
414 2197 528 2274 aptum
550 2208 682 2253 summo
709 2186 851 2277 imperio
877 2184 1110 2275 significando;

97 2288 192 2374 ¹quod
210 2286 352 2353 Tribuni
372 2290 583 2378 sacrosancti,
605 2289 670 2357 hoc
689 2302 756 2381 est,
776 2288 981 2369 inviolabiles
1001 2300 1107 2375 erant,

70 2413 75 2435 ·
102 2392 246 2476 adeoque
268 2387 435 2475 quandam
452 2389 658 2471 majestatem
669 2391 849 2481 habebant:
870 2390 996 2464 deinde,
1015 2393 1105 2480 qnod

102 2511 220 2560 eorum
239 2490 392 2581 'potentia
412 2494 466 2561 tu
490 2502 639 2561 creuerat
659 2493 850 2584 paullatim,
871 2506 909 2560 ut
928 2496 1014 2581 leges
1033 2493 1104 2562 fcr-
1155 2510 1161 2527 *

99 2609 199 2677 rent,
232 2598 390 2663 Senatum
423 2606 648 2664 'convocarent
681 2597 722 2661 ad
757 2580 901 2685 eumque
933 2595 1117 2681 referrent,⁴

99 2714 248 2781 summos
274 2699 483 2785 magistratus
508 2700 543 2765 in
564 2699 966 2785 carcerem'conjicetent',
995 2723 1105 2789 neque

99 2800 277 2887 quicquam
297 2801 333 2867 in
353 2803 523 2890 republica
541 2801 617 2869 fieri
636 2815 764 2892 posset,
784 2803 873 2891 quod
891 2802 943 2871 illi
962 2803 1103 2869 nollent.

98 2898 308 2993 Proconsulis‘
333 2927 458 2973 nomen
487 2919 609 2993 autem
627 2906 741 2977 datum
768 2918 941 2996 anteerat
957 2907 1015 2989 iis,
1043 2907 1102 2993 qui

98 3005 420 3090 postconsulatum·
439 3010 476 3075 in
496 3007 713 3096 provinciam
738 3008 843 3088 irent;
883 3024 955 3077 tum
989 3022 1101 3093 autem

97 3105 251 3175 omnibus
271 3107 326 3191 iis,
346 3109 406 3199 qui
426 3134 445 3177 a
466 3112 589 3178 Senatu
608 3110 646 3176 in
664 3113 850 3199 provincias
872 3111 936 3181 sibi
960 3111 1000 3179 ab
1022 3110 1100 3181 Au·
1183 3110 1186 3115 ’

94 3222 191 3294 gusto
211 3212 338 3279 relictae
358 3214 583 3282 mitterentur.
630 3217 765 3283 Nomen
784 3216 887 3302 igitur
906 3216 1028 3305 ipsum·
1039 3238 1101 3283 uc·

95 3313 233 3413 minem
245 3327 373 3403 poterat
394 3316 570 3386 offendere.
612 3317 781 3405 Quoniam
793 3316 905 3385 autem
920 3318 1001 3383 olim
1014 3318 1101 3384 Pro·

94 3416 255 3481 consules
267 3419 454 3506 provinciae
482 3443 560 3489 cum
586 3420 731 3511 imperio
751 3435 783 3489 et
802 3422 891 3488 civili
911 3436 943 3489 et
963 3419 1100 3488 militari

93 3516 320 3601 obtinueranu
341 3524 381 3587 e'o
399 3522 557 3604 nomine,
579 3526 666 3613 quod
686 3525 896 3615 simpliciten
924 3525 995 3590 sine
1010 3531 1100 3611 pro-

92 3618 223 3686 vinciae
244 3620 383 3690 alicuius
402 3626 585 3708 mentione,¹
605 3641 788 3695 assumtum
815 3641 903 3703 erat,
921 3626 1100 3693 commotio

91 3721 275 3810 imperium
304 3725 341 3790 in
362 3740 478 3821 omnes
504 3732 689 3818 provincias
721 3731 954 3817 exercitusque
982 3729 1098 3823 expri-

90 3824 254 3906 mebatur,
269 3828 359 3914 quod
373 3829 543 3900 infinitum
554 3835 734 3925 imperium
741 3835 853 3902 Latini
866 3835 996 3915 dicunt,'
1008 3835 1109 3900 eius-¹

90 3927 314 4040 ΨᾞΡθῖῆ
340 3931 587 4006 Plueon'snlsfie
600 3938 749 4007 ‘nomine
769 3940 942 4029 Augustus
968 3948 1002 4004 et
1021 3936 1109 4006 she-¹
1147 4022 1150 4027 Ι
