2626 4524
150 276 221 366 ,74
557 286 791 359 ,ww

159 442 291 520 ¹solent,
313 440 488 525 quoniam,
508 438 600 536 quod
620 462 728 506 uuum
747 457 861 515 tamen
879 467 1018 515 omnem
1035 444 1193 512 orationis

168 548 241 621 vim
266 560 364 632 atque
385 545 581 629 elegantiam
601 549 874 635 comprehcndit,
897 552 971 638 quis
993 570 1194 637 quocunqne

169 652 206 717 in
233 650 311 715 loco
340 649 460 714 modus
487 648 530 715 sit
551 647 775 736 adhibendus,
807 656 993 744 praeceptis
1015 651 1105 729 tradi·
1122 673 1192 715 non

166 764 293 844 potest:
315 763 414 840 atque
435 751 494 839 qui
514 776 533 816 e
554 754 731 822 rhetorum
752 757 872 825 scholis
893 770 1037 847 canunt,
1067 754 1214 819 similes·
1270 757 1272 760 ’

167 855 256 924 mihi
278 855 453 934 videntur,
482 855 579 940 quasi
601 857 627 923 si
650 866 777 946 coquus
799 862 916 948 aliquis
936 862 1032 926 varia
1053 857 1193 945 quidam
1225 844 1228 850 ¹

166 963 204 1028 in
223 973 365 1051 promtu
385 970 417 1024 et
439 960 479 1023 ad
501 982 620 1026 manus
641 962 764 1030 habeat
784 966 1005 1042 condimenta,
1028 960 1108 1047 quid
1129 983 1192 1039 re·

20 1138 26 1149 ,
109 1140 112 1144 ,
166 1088 205 1133 ro
227 1077 436 1153 quantumve
457 1065 536 1129 huic
557 1067 612 1129 vel
633 1066 684 1131 illi
705 1068 817 1133 edulio
839 1068 988 1156 parando
1003 1063 1196 1145 conueniat,

165 1170 308 1242 nesciatr
350 1169 395 1234 Et
426 1167 505 1252 quid
532 1167 680 1249 tandem,
710 1169 776 1236 nisi
809 1172 931 1258 sapias,
958 1168 1068 1234 inanis
1090 1188 1192 1256 prae·

165 1275 361 1363 ceptionum
383 1271 524 1357 cognitio
547 1270 679 1337 efficere
691 1274 822 1361 possit,
854 1298 897 1340 ne
919 1273 1050 1360 longius
1072 1291 1193 1335 exem-

162 1379 222 1466 pla
243 1386 410 1463 repetam,
432 1373 568 1444 infausti
589 1372 638 1440 illi
659 1375 864 1443 Gottschedii
883 1362 1193 1460 Rechenbergliqu'e

164 1482 305 1547 abortus
325 1479 403 1549 satis
424 1479 617 1562 ostendunt,
638 1501 719 1565 quas
741 1479 936 1546 muneribus
957 1477 1042 1541 Tuis
1065 1489 1110 1561 tq.
1132 1499 1190 1540 re-

165 1585 324 1651 trimenta
353 1581 533 1669 quaedam,
561 1594 599 1648 ut
627 1585 811 1649 masculam
839 1581 971 1648 scholae
993 1582 1092 1646 Tuae
1113 1579 1188 1644 elo-

164 1689 340 1775 quentiam
368 1687 406 1752 in
433 1686 577 1752 nobiliss.
612 1687 703 1753 Dani
732 1687 888 1773 exemplo
911 1682 1020 1769 magis
1043 1684 1190 1750 illustra-

160 1804 257 1869 rent,
285 1789 402 1855 callide
427 1789 592 1854 adiecisti:
628 1790 750 1856 etenim
771 1790 850 1855 illae
872 1787 953 1853 artis
976 1784 1188 1875 praeceptio-

159 1915 235 1972 nes,
259 1892 412 1983 quamvis
432 1876 635 1979 Sapientiam
656 1892 693 1957 in
715 1892 852 1958 dicendo
875 1890 1085 1975 aliquantum
1103 1890 1188 1955 diri-

159 2009 260 2085 gant,
291 1997 404 2084 ipsum
425 2007 537 2060 tamen
559 1996 682 2087 Sapere
704 1994 857 2085 conferre
877 1994 1007 2059 nemini
1027 2000 1187 2081 possunt3

85 2092 89 2101 ’
157 2101 223 2166 hoc
240 2120 336 2178 vero,
357 2099 386 2162 si
401 2099 583 2165 Horau‘um
595 2097 725 2179 audias,
745 2097 909 2166 scribendi
922 2109 1012 2166 recte
1026 2098 1216 2190 cstpt·in·-
1276 2102 1279 2107 '

158 2204 289 2294 cipiuuu
309 2214 342 2271 et
362 2200 446 2268 fons.
505 2198 507 2203 ’
624 2194 629 2203 ’
1064 2218 1067 2225 ’

244 2393 369 2480 Neque
389 2413 527 2481 possum
546 2392 622 2461 nou'
637 2394 772 2463 laudare
792 2393 879 2459 illud
900 2394 1020 2461 Tuum
1048 2394 1185 2462 institn-

160 2511 245 2580 tum,
268 2496 356 2574 circla
377 2497 543 2563 delectum
566 2510 739 2578 autorum,
762 2499 820 2583 qui
839 2498 986 2586 priscam
1006 2523 1046 2564 ac
1064 2499 1196 2586 genui--

133 2610 241 2668 ‘nam
264 2601 462 2687 elegantiam
483 2598 632 2664 Atticam
663 2600 812 2665 rel'erant
840 2603 1115 2691 exprimantque3
1146 2601 1195 2666 in·

51 2784 54 2789 .
98 2709 101 2714 '
157 2724 227 2790 qno
257 2703 451 2781 consilium,
488 2701 757 2788 omnitempore
786 2717 885 2790 atque
912 2707 950 2772 in
978 2704 1069 2771 omni
1097 2722 1135 2767 re
1161 2724 1197 2767 a·

159 2807 368 2896 sapientibus
388 2805 584 2893 probatum,
607 2818 644 2870 ut
665 2802 791 2893 optima
813 2828 964 2895 quaeque
984 2810 1024 2874 ad
1044 2806 1195 2872 imitas--

158 2913 242 2983 tluin
271 2920 524 3001 proponantur,
557 2909 736 2996 prudenter
763 2912 923 2998 sequeris.
983 2895 1071 2977 Mihi
1098 2929 1184 2975 vero

77 3038 81 3042 ’
156 3016 222 3085 hac
250 3014 289 3082 iu
318 3018 411 3102 palte
439 3037 504 3080 usn
531 3013 641 3093 venit,
670 3014 760 3101 quod
790 3017 974 3107 pascimin
993 3014 1063 3082 vita
1084 3013 1196 3079 soleta·

156 3118 266 3185 Video
294 3119 435 3185 meliora
460 3116 649 3205 proboque,
680 3117 847 3184 deteriora
878 3140 1022 3206 aequora
1054 3117 1184 3183 obstant

159 3222 254 3288 enim
275 3233 349 3289 tum
370 3215 631 3308 scholae'leges,
661 3234 735 3286 tum
757 3222 951 3289 auditorum
972 3218 1181 3287 imbecillitas

155 3346 195 3388 ac
216 3325 407 3408 oscitantia,
436 3348 502 3414 qao
529 3326 643 3392 minua
669 3326 733 3393 hac
760 3328 797 3392 in
826 3350 865 3392 rc
885 3345 963 3392 meo
984 3326 1034 3390 uti
1055 3320 1194 3409 possim.

155 3428 306 3495 oonsilio.
337 3430 508 3498 Hactenus
527 3429 586 3517 qui
607 3432 684 3495 ants
703 3451 760 3495 me
785 3429 865 3496 huic
887 3428 1026 3493 docendi
1048 3423 1184 3490 muneri

154 3529 397 3620 praefuerunt,
429 3536 466 3601 in
493 3535 565 3601 solo
584 3528 758 3599 Plutarchi
778 3534 858 3627 περὶ
877 3529 1020 3600 παίδων
1043 3522 1209 3625 ἀγωγῆς,
1262 3612 1265 3619 ,

88 3685 92 3695 ,
153 3632 285 3714 libello,
316 3634 519 3724 et'insipidis
537 3635 737 3723 quibusdam
758 3634 1028 3725 chrysostomeis
1056 3632 1183 3697 lloscu-
1262 3692 1265 3699 .

154 3737 201 3805 tis·
230 3738 449 3805 tumultuarie
477 3740 637 3829 decerptis
664 3740 897 3806 substiterunt:
930 3739 972 3803 In
1002 3762 1042 3803 eo
1068 3747 1182 3800 autem

158 3844 250 3928 quod
270 3865 362 3909 nunc
383 3842 584 3909 concinnare
606 3834 712 3909 auileo
728 3843 876 3908 Graecae
897 3841 1046 3908 lectionis
1068 3835 1182 3903 subsi-

153 3945 231 4032 dio,
266 3947 303 4012 in
333 3942 410 4034 quo'
427 3947 595 4013 masculae
622 3947 907 4037 interpretationis
934 3936 1087 4012 tirocinia
1114 3962 1189 4032 po·-

654 4231 661 4269 l
