2626 4524
154 285 228 337 200
559 295 769 323 nemu

152 448 302 495 oessores.
323 406 545 513 imperatores
570 437 648 499 sumt
675 422 772 506 dieti,
799 437 840 494 ut
865 423 960 495 deret
983 398 1105 515 Pagina
1124 429 1170 503 ire

152 530 274 601 Critica
294 528 493 595 Beronisns.
607 558 610 563 ’
991 572 995 579 ·

236 675 351 742 Cetera
371 675 510 741 nomina
530 684 699 762 praetereo
719 671 847 755 lubens,
867 675 910 757 ad
930 674 1021 739 aliud
1035 676 1163 747 artium
1270 732 1274 737 .

151 774 256 867 genus
277 776 443 857 festinans,
464 778 553 865 quod
573 774 722 842 cernitur
740 776 777 841 in
799 775 994 862 quibusdam
1014 775 1166 867 Augusti

153 880 307 947 institutis
328 902 405 946 cum
426 880 542 947 callida
564 879 705 969 quadam
725 877 951 945 moderatione
967 878 1165 963 conjunctis.

93 1010 107 1033 κ
153 982 291 1049 Horum
320 983 472 1071 primum
504 980 691 1072 posuerim,¹
731 980 820 1067 qnod
856 978 947 1067 illam
980 976 1174 1069 potentiam
1287 1047 1288 1050 ,

153 1094 282 1152 tantam
301 1086 346 1152 ita
366 1085 539 1175 paullatim
560 1082 730 1167 assumsit,
758 1095 797 1149 ut
816 1084 915 1172 pauci
933 1084 991 1150 vel
1010 1086 1169 1157 animad-

155 1199 340 1271 verterent,
375 1187 428 1255 vel
454 1208 653 1276 magnopere
689 1184 945 1252 offenderentur.
1000 1186 1091 1269 Nam
1127 1189 1169 1257 iu
1274 1254 1277 1265 ,

156 1291 248 1357 omni
268 1312 306 1355 re
326 1291 436 1378 gravi,
458 1291 488 1356 si
508 1300 617 1381 totum
636 1288 735 1355 simul
754 1298 862 1376 petas,
883 1287 979 1354 facile
1000 1290 1171 1375 offendam

156 1393 210 1477 sin
231 1395 373 1483 carptim
392 1404 426 1457 et
446 1415 508 1480 per
529 1394 667 1478 exiguas
685 1399 812 1480 partes.
834 1388 931 1454 facile
952 1392 1072 1460 trahas.
1115 1382 1180 1475 Itas

158 1494 276 1569 deinde
289 1497 383 1583 quasi
399 1494 565 1585 refugiens
586 1495 719 1584 recepit,
739 1505 862 1577 utnon
876 1493 1016 1582 petiisse,
1036 1496 1095 1583 sed
1109 1520 1174 1563 ao-

158 1599 299 1685 eepisse,
321 1613 352 1665 et
377 1600 472 1668 velut
499 1620 600 1685 grave
625 1618 710 1662 onus
730 1594 868 1661 subiisse
886 1586 985 1683 ¹atque
1006 1598 1086 1663 adeo
1107 1597 1176 1667 be·-

160 1698 316 1777 nefieinm
340 1701 464 1767 dedisse
480 1701 655 1768 videretur.
696 1699 787 1767 Nam
802 1696 921 1786 primo,
943 1704 1176 1788 cumpostA-
1285 1726 1288 1737 ·

162 1803 299 1869 otiacam
320 1804 493 1871 victoriam
514 1805 551 1870 in
568 1801 685 1869 urbem
699 1801 846 1890 redisset,
867 1801 902 1866 in
916 1802 1038 1870 Senatu
1054 1804 1175 1874 habuit
1263 1818 1266 1823 '

65 1961 69 1966 .
163 1904 349 1981 orationem
365 1904 486 1987 fictam,
506 1927 572 1991 qua
585 1927 621 1969 se
637 1904 865 1993 depositurum
876 1902 1061 1991 imperium
1081 1908 1175 1976 dice-
1294 1993 1296 1996 Ι

162 2008 235 2082 bat,
262 2019 293 2071 et
320 2019 467 2072 veterem
497 2007 696 2094 reipublicae
717 2005 863 2071 formam
883 2010 1033 2074 revocari
1051 2034 1176 2101 passu·
1301 2071 1303 2078 .

162 2132 258 2189 rum,
281 2110 433 2175 omnibns
453 2107 549 2175 bellis
566 2109 684 2183 finitis,
708 2121 742 2175 et
761 2109 918 2175 universo
939 2110 1081 2199 imperio
1094 2116 1176 2180 Ro-

162 2236 263 2283 mano
284 2225 410 2303 pacato.
459 2211 523 2278 Sed
550 2235 629 2303 curn
643 2211 711 2303 'alii
731 2215 903 2279 Senatores
924 2213 1043 2280 addicti
1063 2229 1176 2284 essent
1239 2250 1245 2261 ·

162 2317 336 2403 Augusto,
373 2315 497 2404 quippe
527 2316 641 2402 opibus
671 2327 703 2381 et
729 2315 911 2383 honoribus
938 2318 979 2382 ab
1006 2339 1046 2383 eo
1072 2318 1176 2401 aucti,
1216 2354 1219 2359 ,

164 2418 265 2486 ceteri
285 2431 411 2495 autem,
432 2415 489 2500 qui
511 2416 707 2497 sentiebant,
727 2419 1009 2499 simulatamente
1022 2419 1178 2487 loentum

166 2545 255 2597 esse,
277 2518 462 2585 cavendum
482 2519 543 2584 sibi
562 2518 807 2597 existimarent,
836 2542 878 2586 ne
898 2521 1097 2589 intellexisse
1118 2524 1179 2589 vi-

166 2623 344 2702 derentur,
383 2644 497 2687 omnes
535 2634 718 2709 coeperunt
748 2645 884 2709 rogere,
922 2638 959 2690 ut
991 2621 1200 2711 imperium⁴
1310 2677 1312 2690 .

167 2724 350 2793 ιιιιιιιιιιιιιι
365 2734 527 2811 perpetuo
554 2724 719 2809 retineret.
774 2723 946 2815 Augustus
981 2724 1038 2794 din
1069 2748 1179 2815 repn—
1298 2733 1313 2819 [ᾖ

168 2830 282 2919 guanti
309 2826 442 2906 similis,
466 2825 600 2891 tandem
627 2849 662 2890 se
690 2828 782 2894 vinci
809 2849 924 2914 passus
954 2839 1017 2909 est,
1050 2828 1109 2896 sed
1138 2843 1180 2897 ut
1312 2839 1313 2850 ¹

170 2934 312 3001 mimum
340 2939 528 3016 perageret,
554 2940 692 3015 tantum¹
711 2929 748 2996 in
769 2931 914 3016 quinque
934 2952 1057 3014 annos,
1081 2932 1187 2997 velut·

108 3067 111 3073 ·
170 3051 245 3104 tum
268 3032 491 3122 depositurus.
531 3029 645 3116 Atque
673 3031 758 3096 hsnc
784 3034 946 3117 rationem
973 3028 1103 3119 deinde·
1116 3056 1181 3122 per

169 3144 273 3222 totam
298 3137 402 3201 vitam
429 3132 607 3214 servavit,'
623 3144 659 3223 ut
686 3156 818 3224 semper
851 3148 982 3221 tantum
1007 3136 1044 3221 in
1070 3150 1181 3203 certos

170 3246 274 3321 annos
294 3235 477 3327 imperium
496 3237 618 3303 iterum
637 3236 791 3327 oblatum·
805 3237 976 3326 reciperet.

172 3380 195 3475 J
255 3391 372 3461 Paullo
400 3403 493 3480 post,¹
522 3414 600 3477 cusp
619 3378 806 3481 provincias
826 3413 906 3482 oum
928 3393 1051 3473 Senatu
1070 3391 1196 3479 parm,

171 3508 281 3575 retur,
301 3518 341 3577 eo
362 3496 476 3587 modo,
498 3515 564 3580 quo
584 3506 660 3575 ante
681 3495 767 3587 dissi,
788 3509 828 3582 ut
845 3494 992 3581 majprqe.
1010 3494 1074 3561 sibi
1092 3492 1194 3576 delir.

48 3584 51 3588 λ
173 3609 283 3685 geret,
303 3599 440 3667 volebat.
454 3598 555 3684 etiarp
577 3599 615 3683 in
635 3620 674 3663 eo
693 3598 839 3681 liberalis
859 3609 892 3667 et
912 3598 1024 3684 miuus
1039 3595 1195 3685 cupidus,

171 3694 308 3789 imperii
329 3700 454 3780 videri3
481 3701 620 3788 ptimo,
641 3701 728 3789 quod
757 3722 967 3789 nonexpres-
986 3708 1198 3787 assumeret,⁴

174 3801 309 3881 deinde,
333 3804 425 3889 'quod
453 3803 598 3891 majores,
621 3803 842 3893 potissimum.
890 3803 935 3889 ls-
957 3802 1104 3885 enimse
1125 3796 1194 3877 ιιι-ι,
1289 3828 1294 3839 ·

174 3925 249 3991 ere
266 3915 467 3998 amem,
487 3919 526 3976 n
545 3907 686 3999 tanin
705 3928 827 4001 uisne
846 3905 995 3995 aneu
1012 3904 1197 4011 iussus.
