2626 4524
543 450 811 546 nursam
895 574 905 587 l

484 661 623 701 VIRO
668 662 863 704 MAGNO
929 688 949 732 ¹=

274 800 1016 865 toAUGUST.ERNEsT1

311 966 314 976 ·
399 956 956 1016 DAV.RUHNKEN1USS.P.D.
1024 976 1027 983 ⁴

598 1104 765 1131 -q--nu

136 1012 193 1060 ,ιι

141 1263 145 1267 -
175 1189 326 1330 Quoties
348 1221 395 1286 de
415 1220 465 1285 Te
492 1220 613 1307 cogito,
640 1221 745 1307 cogito
766 1235 878 1293 autem
898 1221 1107 1312 saepissime,
1131 1215 1200 1285 tuss
1254 1201 1258 1217 ¹

142 1333 148 1347 '
173 1331 234 1392 ties
253 1324 380 1413 pudore
402 1323 589 1404 suffundor,
612 1325 699 1411 quod
719 1348 813 1392 meae
834 1347 913 1410 erga
934 1327 985 1391 Te
1006 1326 1187 1403 observan-

72 1506 76 1522 .
160 1430 246 1505 ¹tiae
260 1422 538 1522 'monumentum'
552 1426 701 1505 nondum
728 1427 764 1492 in
785 1431 904 1515 vulgus
924 1428 1063 1516 prodire,
1080 1426 1190 1510 jusse-
1274 1472 1276 1479 ,

173 1534 250 1600 rim.
295 1534 382 1598 Cum
403 1552 512 1618 nuper
538 1529 759 1598 Callimachea
779 1532 867 1620 typis
889 1543 995 1596 essent
1013 1531 1188 1616 descripta,
1261 1594 1266 1599 .

173 1658 258 1731 eece,
279 1634 537 1719 aliudinjicitur
549 1634 836 1730 impedimentum.
877 1635 983 1702 Erant
998 1633 1088 1715 enim
1102 1631 1191 1696 a'mi-
1257 1626 1268 1649 χ

175 1736 369 1830 ci,-qu1bus
395 1741 452 1804 ille
480 1739 609 1804 libellus
637 1738 886 1819 nimisbrevis,
912 1738 1095 1821 neojustae
1115 1735 1191 1802 for·
1214 1774 1221 1789 ·

36 1827 42 1846 ¹
133 1878 136 1883 ·
175 1863 251 1907 mae
280 1865 348 1906 esse
375 1837 583 1907 videbatur.‘
600 1839 713 1926 Itaque
735 1841 930 1918 suadebant,
960 1855 998 1906 ut
1009 1841 1189 1924 'conjectu-
1257 1864 1260 1872 ’

74 1997 77 2002 „
174 1967 228 2009 ras
248 1963 340 2007 meas
366 1941 403 2008 in
424 1941 621 2010 Callimachi
643 1943 824 2028 aequalem,
845 1943 1085 2030 Apollonium,
1107 1965 1191 2029 quaa

173 2045 272 2112 tertio
290 2046 402 2112 libello
423 2035 689 2127 reservaveram,
703 2106 706 2111 .
718 2069 787 2112 una
807 2045 842 2113 in
863 2048 972 2112 lucem
991 2044 1190 2135 proferrem.
1280 2067 1282 2071 ·

176 2149 335 2234 Quorum
361 2151 523 2238 voluntati
548 2151 611 2217 etsi
635 2150 879 2238 obtemperavi,
908 2173 961 2215 res
989 2163 1101 2215 tamen
1120 2148 1191 2234 jam

177 2275 216 2318 eo
239 2254 313 2319 loco
336 2265 400 2333 est,
413 2266 468 2332 ut,
492 2254 557 2319 nisi
578 2254 640 2318 sub
660 2253 764 2320 finem
784 2253 933 2319 Ianuarii
954 2249 1102 2325 libellum
1124 2276 1192 2319 no·

72 2362 81 2406 s
176 2369 283 2430 strum
311 2358 493 2445 acceperis,
527 2379 703 2443 nunquam
730 2356 815 2423 mihi
848 2357 1054 2444 inposterum
1075 2357 1209 2425 ,fidem

175 2461 292 2528 haberi
320 2460 432 2525 velim.
481 2460 554 2525 Iam
584 2484 664 2526 vero
689 2461 729 2528 ad
750 2460 801 2543 id,
831 2459 925 2545 eujus
946 2485 1044 2528 causa
1065 2462 1128 2555 hae
1148 2463 1192 2528 li·

177 2579 265 2631 tcrae
288 2566 473 2629 exarandae
493 2576 585 2640 sunt,
605 2563 769 2631 accedam.
810 2565 1066 2632 Luchtmannus
1080 2579 1193 2631 noster

177 2668 301 2735 invitus
331 2690 376 2733 ex
395 2665 617 2732 Miscellaneis
637 2668 864 2754 Iripsiensibus
886 2669 1063 2751 intellexit,
1092 2669 1193 2733 Reis-

178 2772 273 2836 kium
307 2770 396 2856 apud
430 2791 490 2832 vos
518 2793 641 2838 novam
668 2771 832 2866 Herodoti
861 2769 1040 2838 editionem
1069 2771 1194 2850 moliri,

179 2898 257 2941 cum
284 2874 448 2962 ipse‘jam
475 2874 531 2938 diu
557 2873 594 2938 id
615 2874 743 2941 consilii
764 2875 911 2962 agitarit,
924 2962 927 2967 Ι
940 2875 1040 2941 variis
1062 2876 1192 2944 camin
1250 2883 1264 2913 ’-

179 3002 252 3044 rem
280 2976 449 3067 praesidiis
477 2977 624 3064 undique
649 2977 859 3065 comparatis.
912 2979 1093 3066 Praecipuo
1121 2981 1194 3066 ejus

180 3081 312 3150 editioni
334 3095 528 3146 ornamento
549 3081 683 3148 futinus
704 3096 751 3150 est
764 3062 1003 3148 eruditissimus
1014 3083 1098 3150 Lud.
1114 3084 1194 3161 Ku-

165 3186 257 3261 ,steri
280 3186 565 3259 Commentarius,
585 3185 643 3270 qui
665 3205 704 3250 eo
726 3187 894 3271 quondam
913 3188 1036 3264 animo,
1056 3199 1094 3253 ut
1115 3187 1198 3251 ede«

179 3302 290 3362 retur,
295 3289 473 3376 scriptus,
497 3288 670 3373 hucusque
695 3272 829 3356 latuit
819 3313 855 3356 tn
884 3290 985 3380 Regis
1004 3290 1219 3378 Galliarum

178 3390 387 3459 Bibliotheca
430 3391 524 3458 Idem
544 3389 798 3458 Luchtmannus
819 3393 942 3461 crebris
970 3393 1069 3459 etiam
1089 3373 1194 3461 literis

164 3494 247 3583 *egit
268 3517 347 3560 cum
368 3494 561 3564 Gleditschii
580 3495 761 3563 heredibus
776 3496 815 3561 de
836 3496 1032 3563 redimendo
1044 3497 1194 3584 Bergleri
1247 3578 1254 3586 .

136 3606 139 3613 '
181 3594 443 3679 Commentario,
472 3613 504 3666 et
529 3600 663 3667 tandem
683 3622 866 3681 summam,
888 3612 991 3685 quam
1010 3601 1195 3688 exigebant,

180 3700 310 3769 solvere
343 3703 505 3790 promisit.
566 3703 643 3789 Quo
669 3705 775 3790 magis
801 3703 866 3790 ipsi
895 3704 1027 3769 mirum
1052 3704 1194 3784 videtur,

41 3824 47 3829 ·
122 3868 125 3874 .
179 3807 271 3873 bunc
292 3804 575 3873 commentarium
589 3808 723 3900 Reiskio
746 3807 910 3873 edendum
930 3805 1101 3899 committi.
1125 3804 1196 3872 Ita
1214 3864 1220 3871 s

181 3931 247 3996 que
267 3906 522 3985 Lucbtmannus
542 3930 571 3974 a
589 3909 659 3996 Te,
688 3909 757 3987 ‚Vir
778 3882 981 4013 claissime,
1007 3932 1110 3998 quam
1132 3910 1196 3979 ob·

872 4134 876 4143 ,
910 4102 921 4133 Ι
