2626 4524
163 281 249 329 2,
339 272 391 330 Ἰ
522 288 777 333 ..ΝΜ-ιι

111 442 115 451 ’
162 435 275 490 tamen
295 430 343 485 est
362 406 533 505 Lennepii
557 414 768 490 humanitas,
798 429 836 480 ut
858 429 890 481 et
911 392 1049 483 Codicis
1072 408 1188 488 ΟοΙΙιιὲ-

53 552 60 573 1
164 529 310 603 tionem,
333 533 365 586 et
386 518 544 607 quicquid
568 519 605 583 in
627 514 719 581 hunc
739 517 876 604 politam
900 523 1082 603 congessit,
1115 527 1189 592 usi·

43 664 47 671 -
76 630 79 635 '
164 630 226 695 bus
249 621 335 692 Tuis
358 623 401 688 sit
421 639 650 687 concessurus.
693 618 746 704 CI.
767 619 999 687 D'Orvillium
1020 623 1061 690 de
1073 628 1182 694 Colli*

117 794 122 813 ,
162 729 275 798 machi
294 721 566 803 codd'omnino,
587 720 703 800 velim,
726 725 915 812 compelles.
944 725 1026 813 Ipse,
1049 742 1087 794 ut
1102 730 1186 798 Tibi

165 833 313 919 ingenue
339 828 462 911 fatear,
490 826 554 890 hoc
581 822 668 890 mihi
695 819 822 910 negotii
853 828 962 911 dedit,
994 843 1031 895 ut
1060 834 1112 898 Te
1140 836 1207 901 de¹

166 934 238 1002 istis
262 926 367 998 Codd.
390 931 570 996 ceitiorem
592 927 756 1009 facerem,
770 919 928 1010 addens,
950 941 1002 1012 se,
1026 934 1187 1002 dummo-

166 1038 210 1104 do
247 1035 457 1103 voluntatem
487 1032 601 1098 Tuam
627 1031 872 1133 intellexisset,
914 1031 1003 1099 nihil
1041 1030 1186 1124 denega-

165 1155 289 1208 turum
333 1137 444 1205 Facile
465 1134 554 1200 enim
576 1122 727 1229 intelligit
742 1123 795 1200 V
812 1136 862 1202 Cl-
885 1136 950 1200 nisi
973 1135 1029 1200 Tu
1048 1138 1100 1204 his
1122 1164 1185 1208 va-

164 1264 225 1313 rus
236 1238 448 1307 Lectionibus
465 1237 585 1318 utens,
607 1259 661 1300 eas
682 1222 819 1322 fortasse
840 1228 1016 1324 nunquam
1038 1264 1100 1306 nec
1121 1243 1186 1307 sibi

163 1371 225 1414 nec
247 1339 449 1411 Callimacho
472 1346 668 1404 ornamento
689 1318 829 1406 futuras
871 1342 987 1406 Liceat
1007 1366 1098 1408 nunc
1116 1346 1183 1410 mi·

161 1451 215 1530 hi,
252 1446 319 1513 Vir
347 1441 644 1522 Praestantissime,
677 1441 945 1545 conjecturarum
978 1458 1127 1515 mearum
1149 1449 1184 1514 in
1229 1530 1231 1535 Ι

162 1544 409 1621 Callimachum
430 1545 472 1610 ad
494 1532 546 1609 Te
568 1546 735 1634 specimen
755 1536 920 1613 mittere.
939 1536 1030 1612 Nam
1050 1570 1095 1613 ex
1117 1572 1186 1636 quo

162 1654 302 1722 divinus
321 1649 376 1713 vir
396 1645 460 1712 ΤΙ.
508 1647 782 1714 Hemsterhusius
813 1649 915 1734 hujus
943 1653 1060 1737 po'e'tae
1088 1676 1186 1718 amo

161 1780 236 1824 rem
257 1738 342 1818 mihi
363 1751 493 1849 injecit,
520 1751 580 1815 vix
597 1751 664 1815 dies
686 1754 928 1838 praeterlapsae
945 1766 993 1818 est
1002 1768 1098 1840 ,quo
1114 1732 1184 1823 uoti

162 1859 287 1958 aliquid
308 1852 363 1918 vel
384 1853 607 1930 correxerim,
637 1850 692 1917 vel
720 1854 874 1922 notarim
919 1804 1011 1941 Quid
1028 1864 1184 1946 quaeris?
1210 1862 1217 1867 ’

64 2006 68 2013 ,
107 2012 110 2023 .
160 1959 279 2033 Brevi
281 1956 413 2031 libellus
436 1954 741 2021 Callimachearum
758 1955 958 2041 Lectionum
980 1977 1095 2030 enatus
1119 1974 1184 2032 est:

162 2087 264 2152 quem
285 2058 433 2160 quidem
440 2057 594 2147 publici
584 2058 668 2141 Jutis
681 2054 818 2135 facete,
847 2073 895 2137 et,
922 2062 985 2129 nisi
1008 2064 1086 2131 Tibi
1115 2068 1184 2135 dis

157 2166 328 2258 plicuerit,
358 2164 477 2229 illustri
499 2160 630 2228 nomini
652 2162 744 2228 Tuo
751 2161 811 2261 'sub
833 2148 1010 2252 Epistulae
1033 2167 1185 2236 Critiocte

156 2271 253 2340 titulo
274 2262 470 2347 inscribere,
500 2263 566 2331 fert
594 2258 737 2332 animus.
789 2265 910 2364 Atque
926 2280 962 2335 ut
982 2272 1097 2337 rerum
1119 2296 1182 2339 va-
1237 2327 1239 2331 .

156 2375 256 2442 uictas
286 2372 389 2436 lector
448 2369 591 2449 alliciat,
608 2358 711 2434 simltl
735 2386 779 2433 ex
801 2360 1009 2438 adversariis
1016 2377 1099 2441 meis
1119 2377 1182 2446 de-

156 2495 311 2565 promam
345 2393 474 2561 silibat
499 2470 655 2557 capitales
675 2463 983 2539 Emendationes
971 2500 1007 2542 ιιι
1035 2481 1182 2567 'Apollo-⁴

44 2635 47 2639 ,
157 2580 254 2645 nium
263 2571 447 2654 Rhodium,
466 2572 659 2660 Orpheum,
667 2570 864 2638 Homericos
874 2574 1044 2660 Hymnus,
1063 2581 1181 2651 Theo.-'
1200 2570 1203 2579 ’

156 2680 295 2756 clitum,
316 2677 545 2755 Nicandrum,
567 2673 825 2791 Anthologiam,
854 2688 912 2741 cet
957 2679 1086 2759 Videor
1107 2685 1176 2751 ιιιΙ·Ι

154 2784 192 2849 hi
214 2779 339 2868 aliquid
359 2780 575 2869 praestitisse,
599 2777 686 2874 quod
702 2776 1178 2881 pauc10riticorumpraesti-

8 2908 14 2923 ‘
72 2885 75 2890 ’
137 2895 285 2954 ¹terunt
294 2883 346 2946 vet
376 2884 479 2947 aetate
504 2896 635 2962 nostra,
668 2883 723 2948 vel
743 2881 845 2946 stiam
866 2883 1043 2971 superiori,
1085 2889 1178 2959 Nam

149 2985 354 3063 Aristarchi,
376 2997 409 3050 et
430 2984 614 3072 Bentleji
591 2987 740 3083 maxime
763 2987 919 3074 exemplo
940 2988 1119 3071 excitatus,
1140 2993 1178 3058 Ιιι

24 3094 28 3101 ’
102 3163 105 3169 ,
156 3091 314 3182 optimis,
339 3087 640 3190 antiquissimisque
670 3088 773 3178 politis
802 3088 970 3175 ingentem
993 3076 1177 3160 numerum

155 3197 356 3297 spuriorum
370 3194 531 3256 versuum
551 3191 678 3272 detexi,
691 3193 738 3256 de
760 3213 905 3278 quorum
928 3186 1094 3263 νοθεῦσει
1110 3219 1175 3261 ne·

76 3360 79 3365 ,
152 3298 237 3364 mini
260 3292 409 3382 unquam
431 3307 479 3364 est
501 3294 643 3382 suspicio
665 3305 747 3360 otta
801 3296 865 3361 Sed
890 3296 932 3362 ad
961 3318 1033 3362 rem
1049 3298 1175 3395 ipsam
1233 3354 1235 3359 .

146 3398 352 3464 'accedamus
401 3389 454 3464 Ac
481 3399 660 3515 specimen
682 3398 817 3491 quidem
846 3399 979 3465 Τιιιιιιι
987 3382 1174 3469 lectionum

150 3495 488 3570 Callimacheaium
477 3500 519 3565 iis
551 3488 676 3588 ingenii
693 3514 727 3575 et
739 3498 914 3569 doctrinae
935 3502 1045 3572 notis
1045 3498 1186 3625 insigne·

150 3619 215 3687 est,
244 3617 282 3671 ut
310 3606 433 3670 merito
455 3610 586 3668 summa
608 3608 760 3690 quaeque
782 3604 823 3669 de
844 3605 986 3671 editione
1007 3604 1084 3670 Tua
1106 3628 1172 3669 ex-
1231 3600 1237 3610 ’

147 3712 341 3796 spectemus
363 3704 751 3790 vers.87.H.in10v
774 3704 881 3772 docte
889 3720 922 3773 et
928 3704 1111 3795 eleganter,
1132 3722 1171 3775 ut

146 3810 230 3875 soles
253 3805 382 3887 omnia,
414 3806 561 3872 defendis
581 3808 756 3874 lectionem
778 3811 998 3900 vulgatam
993 3810 1048 3875 ''⁷D
1050 3809 1169 3879 Orsit-

143 3911 210 3980 lius
236 3932 346 4000 nuper
373 3910 416 3976 'ad
436 3908 573 3976 coluthi
602 3910 728 3977 udilo.
751 3912 1039 4007 adhuc'probavit
1061 3909 1166 4008 edepl
