2626 4524
140 248 187 343 ss
234 327 238 337 ,
543 283 756 310 ...Μ

146 407 252 473 laudis
273 408 341 473 vel
350 410 504 476 accrescit
524 409 580 475 vel
602 412 740 479 decedit.
781 411 860 480 Tibi
880 435 978 496 vero,
1000 415 1058 501 qui
1076 412 1161 479 Edi-

31 498 35 511 ’
147 514 229 577 toris
255 527 364 598 partes
396 516 550 607 sustines,
576 539 618 581 ne
643 515 731 582 levia
756 517 892 604 quidem
913 529 990 583 sunt
1008 531 1162 604 prffiaetei

150 598 319 680 niittenda.
364 617 514 701 Vellem,
541 620 570 683 si
598 642 660 706 per
687 620 751 684 alia
781 621 926 713 negotia
936 622 1012 686 Tua
1038 619 1163 698 liceret,

150 741 257 783 unum
280 723 463 787 alterumve
480 724 673 788 Excursum
695 725 844 806 adderes,
863 748 896 792 v.
912 718 939 791 e'.
961 725 1001 789 do
1023 723 1164 806 Pelago-

151 821 324 902 nibus,ds
345 827 465 910 quibus
487 828 593 892 multa
615 828 751 893 dicenda
770 839 957 917 supersunt.
1000 829 1091 892 Nam
1106 816 1210 888 ubi

152 925 209 988 'lu
231 948 304 991 rem
327 928 472 1021 aliquam
493 931 590 997 latius
611 941 751 998 tractare
771 930 934 1014 instituis,
961 931 1047 996 milri
1069 929 1167 1016 quic·‚

152 1028 231 1114 quid
254 1044 302 1096 est
324 1034 534 1098 eruditorum
556 1035 734 1101 hominum
755 1058 914 1123 superato
935 1034 1066 1101 videris.

236 1149 521 1236 Exspectaveram
551 1152 650 1215 etiam
676 1151 787 1218 literas
809 1155 852 1219 ad
874 1176 928 1219 me
948 1154 1057 1231 Tuas,
1085 1149 1168 1215 item

74 1328 77 1333 ,
152 1251 334 1321 Libaniom
359 1253 545 1335 Giovanni,
568 1268 667 1353 atque
688 1256 770 1338 alia,
797 1256 980 1342 dequibus
1001 1253 1087 1320 milii
1109 1276 1170 1316 su-

153 1354 286 1442 periore
305 1378 395 1421 anno
415 1358 604 1445 scripseimas
646 1358 741 1444 Quae
764 1360 889 1441 omnia,
910 1382 1047 1440 vereor,
1070 1379 1113 1422 ne
1134 1356 1171 1420 in

154 1459 210 1522 via
226 1460 354 1547 direpta
370 1460 541 1549 perierint.
562 1463 691 1529 Interea
706 1464 788 1529 dum
802 1463 882 1527 Tu'
872 1463 1002 1550 insigne
1018 1459 1173 1541 animad-

154 1565 351 1631 versionum
384 1565 539 1631 Tuarum
573 1566 841 1655 supplementum
876 1584 1027 1663 paras,
1038 1585 1099 1659 nos
1134 1561 1173 1626 iu

133 1668 136 1675 ‘
156 1669 404 1756 Sparrhemiono
416 1671 673 1741 Commentario
683 1670 877 1735 excudendo
890 1680 1080 1757 pergemus:
1102 1664 1172 1731 Vi-

156 1795 233 1838 sum
256 1785 304 1836 est
324 1775 409 1838 mihi
431 1774 635 1852 commodius
655 1773 826 1851 futurum,
856 1774 884 1837 si
913 1776 1088 1859 utriusque
1109 1789 1174 1834 vo·
1205 1849 1208 1852 ἱ

77 1884 81 1890 ’
156 1876 294 1948 luminis
317 1877 443 1941 Indices
464 1877 500 1939 in
522 1897 630 1947 unum
652 1877 784 1942 conflati
807 1872 1052 1962 Spanliemiano
1069 1875 1175 1939 Com-'

157 1980 322 2045 montorio
337 1980 406 2044 sive
422 1978 517 2042 alteri
529 1978 699 2043 volumini·
709 1977 959 2062 subjicerenmr,
1002 1981 1075 2044 Neo
1084 1978 1177 2069 rnul-

157 2083 358 2172 tiplicandus
383 2095 431 2161 est
459 2104 619 2146 numerus
649 2082 817 2158 Indicum,
854 2096 893 2148 ut
919 2083 953 2147 in
987 2081 1179 2147 Graeviana

159 2187 303 2252 editione
324 2186 460 2252 factum.
508 2187 601 2251 Nam
628 2194 693 2251 tr'es
714 2184 902 2270 sufficiunt,
932 2204 1080 2272 quorum
1101 2183 1178 2272 pri·
1231 2236 1237 2243 .

112 2338 120 2357 .
159 2313 237 2356 mus
266 2291 411 2383 designet
439 2292 512 2377 ipso
541 2290 645 2355 verba
670 2289 884 2371 Callimachi,
920 2290 1084 2356 secundus
1112 2310 1182 2367 res,

160 2418 247 2482 quae
259 2395 443 2476 Variorum
463 2395 549 2462 notis
571 2394 798 2477 continentur,
819 2391 936 2460 tertius
959 2395 1101 2479 denique
1115 2413 1180 2456 ou·
1224 2408 1227 2415 ⁴

89 2534 95 2545 ,
161 2513 268 2565 olores
297 2513 423 2564 veteres
453 2486 509 2562 ¹uel
536 2493 726 2563 emendatos
751 2497 806 2561 vel
833 2497 1022 2563 illustratos.
1075 2497 1179 2560 Estne

81 2606 84 2611 ’
161 2602 282 2686 aliquis
316 2602 404 2665 inter
436 2601 612 2686 discipulos
647 2602 758 2690 Tuos,
799 2582 856 2685 qiu
891 2599 1053 2686 praemio,
1089 2593 1199 2683 quod.

121 2689 123 2692 ⁵
161 2703 390 2769 Luohtmauni
411 2715 615 2789 proponent,
634 2703 812 2784 invitatus,
834 2700 1004 2790 ingratum
1026 2699 1182 2765 Indicum

163 2803 450 2871 conficiendorum
471 2805 620 2870 laborem
641 2806 808 2894 suscipere
828 2807 932 2872 velit?
965 2803 1082 2872 Nostri
1095 2801 1181 2889 'qui-

164 2911 241 2975 dem
269 2909 440 2991 homines,
471 2908 591 2995 quibus
621 2907 788 2996 plerisque
813 2911 905 2975 lauta
921 2912 986 2974 'res
1012 2906 1102 2972 domi
1123 2916 1183 2986 est,

163 3014 265 3081 nimis
285 3014 421 3099 fugiunt
441 3012 603 3097 ejusmodi
623 3013 782 3078 laborem.

176 3142 180 3151 '
247 3129 531 3209 Hernsterhusius,
554 3129 631 3211 Tui,
654 3129 773 3215 siquis
791 3126 887 3214 alius,
908 3130 1084 3209 studiosus,
1104 3127 1185 3214 plu-

165 3237 291 3304 rimam
310 3234 389 3300 'libi
411 3232 585 3298 salutem
574 3233 733 3321 1mpertit
776 3233 873 3317 Vale,
896 3235 964 3301 Vir
984 3228 1130 3312 Eximio,
1153 3239 1222 3294 et

164 3339 332 3407 Bachium
358 3349 513 3404 nostrum
538 3336 622 3403 meis
648 3337 759 3404 verbis
787 3337 901 3403 soluta
956 3334 1061 3471 ψ).
1069 3333 1101 3398 (1.
1134 3328 1190 3399 18·

104 3482 108 3489 ·
164 3441 361 3521 Iulii1758.

251 3560 400 3642 Literas,
435 3582 518 3647 quas
547 3555 698 3647 posthac.
718 3559 759 3653 sd
795 3581 851 3626 me
877 3556 988 3638 dabis,
1013 3578 1083 3620 non
1112 3550 1187 3633 alia,

170 3670 272 3755 quam
294 3684 379 3748 quae
399 3684 461 3752 per
480 3661 720 3765 Hamburgum
742 3676 808 3745 est,
830 3661 888 3728 tia
908 3662 1020 3728 mittas
1040 3656 1156 3730 velim,
